[{'id': 152276186,
  'isBestMatch': True,
  'isBuyerMaker': False,
  'price': '0.00846700',
  'qty': '0.02000000',
  'quoteQty': '0.00016934',
  'time': 1624892561086},
 {'id': 152276187,
  'isBestMatch': True,
  'isBuyerMaker': False,
  'price': '0.00846600',
  'qty': '0.02000000',
  'quoteQty': '0.00016932',
  'time': 1624892561533},
 {'id': 152276188,
  'isBestMatch': True,
  'isBuyerMaker': False,
  'price': '0.00846700',
  'qty': '0.02000000',
  'quoteQty': '0.00016934',
  'time': 1624892561713},
 {'id': 152276189,
  'isBestMatch': True,
  'isBuyerMaker': True,
  'price': '0.00846600',
  'qty': '0.65000000',
  'quoteQty': '0.00550290',
  'time': 1624892563459},
 {'id': 152276190,
  'isBestMatch': True,
  'isBuyerMaker': True,
  'price': '0.00846700',
  'qty': '0.14000000',
  'quoteQty': '0.00118538',
  'time': 1624892563627},
 {'id': 152276191,
  'isBestMatch': True,
  'isBuyerMaker': True,
  'price': '0.00846600',
  'qty': '0.17000000',
  'quoteQty': '0.00143922',
  'time': 1624892564478},
 {'id': 152276192,
  'isBestMatch': True,
  'isBuyerMaker': True,
  'price': '0.00846600',
  'qty': '0.13000000',
  'quoteQty': '0.00110058',
  'time': 1624892565887},
 {'id': 152276193,
  'isBestMatch': True,
  'isBuyerMaker': True,
  'price': '0.00846400',
  'qty': '4.69000000',
  'quoteQty': '0.03969616',
  'time': 1624892565887},
 {'id': 152276194,
  'isBestMatch': True,
  'isBuyerMaker': True,
  'price': '0.00846400',
  'qty': '1.08000000',
  'quoteQty': '0.00914112',
  'time': 1624892565887},
 {'id': 152276195,
  'isBestMatch': True,
  'isBuyerMaker': True,
  'price': '0.00846500',
  'qty': '2.10000000',
  'quoteQty': '0.01777650',
  'time': 1624892566735},
 {'id': 152276196,
  'isBestMatch': True,
  'isBuyerMaker': False,
  'price': '0.00846700',
  'qty': '3.21000000',
  'quoteQty': '0.02717907',
  'time': 1624892570103},
 {'id': 152276197,
  'isBestMatch': True,
  'isBuyerMaker': False,
  'price': '0.00846800',
  'qty': '6.00000000',
  'quoteQty': '0.05080800',
  'time': 1624892570103},
 {'id': 152276198,
  'isBestMatch': True,
  'isBuyerMaker': False,
  'price': '0.00846800',
  'qty': '5.70000000',
  'quoteQty': '0.04826760',
  'time': 1624892570103},
 {'id': 152276199,
  'isBestMatch': True,
  'isBuyerMaker': False,
  'price': '0.00846900',
  'qty': '5.70000000',
  'quoteQty': '0.04827330',
  'time': 1624892570103},
 {'id': 152276200,
  'isBestMatch': True,
  'isBuyerMaker': True,
  'price': '0.00846900',
  'qty': '2.06000000',
  'quoteQty': '0.01744614',
  'time': 1624892570111},
 {'id': 152276201,
  'isBestMatch': True,
  'isBuyerMaker': True,
  'price': '0.00846900',
  'qty': '108.01000000',
  'quoteQty': '0.91473669',
  'time': 1624892570150},
 {'id': 152276202,
  'isBestMatch': True,
  'isBuyerMaker': True,
  'price': '0.00846900',
  'qty': '11.58000000',
  'quoteQty': '0.09807102',
  'time': 1624892570158},
 {'id': 152276203,
  'isBestMatch': True,
  'isBuyerMaker': True,
  'price': '0.00846900',
  'qty': '30.00000000',
  'quoteQty': '0.25407000',
  'time': 1624892570443},
 {'id': 152276204,
  'isBestMatch': True,
  'isBuyerMaker': False,
  'price': '0.00847000',
  'qty': '6.00000000',
  'quoteQty': '0.05082000',
  'time': 1624892572138},
 {'id': 152276205,
  'isBestMatch': True,
  'isBuyerMaker': False,
  'price': '0.00847000',
  'qty': '5.70000000',
  'quoteQty': '0.04827900',
  'time': 1624892572138},
 {'id': 152276206,
  'isBestMatch': True,
  'isBuyerMaker': False,
  'price': '0.00847100',
  'qty': '0.10000000',
  'quoteQty': '0.00084710',
  'time': 1624892572138},
 {'id': 152276207,
  'isBestMatch': True,
  'isBuyerMaker': False,
  'price': '0.00847100',
  'qty': '0.06000000',
  'quoteQty': '0.00050826',
  'time': 1624892572138},
 {'id': 152276208,
  'isBestMatch': True,
  'isBuyerMaker': False,
  'price': '0.00847100',
  'qty': '0.04000000',
  'quoteQty': '0.00033884',
  'time': 1624892572138},
 {'id': 152276209,
  'isBestMatch': True,
  'isBuyerMaker': False,
  'price': '0.00847100',
  'qty': '4.35000000',
  'quoteQty': '0.03684885',
  'time': 1624892572138},
 {'id': 152276210,
  'isBestMatch': True,
  'isBuyerMaker': False,
  'price': '0.00847200',
  'qty': '0.08000000',
  'quoteQty': '0.00067776',
  'time': 1624892572138},
 {'id': 152276211,
  'isBestMatch': True,
  'isBuyerMaker': False,
  'price': '0.00847200',
  'qty': '0.06000000',
  'quoteQty': '0.00050832',
  'time': 1624892572138},
 {'id': 152276212,
  'isBestMatch': True,
  'isBuyerMaker': False,
  'price': '0.00847200',
  'qty': '0.04000000',
  'quoteQty': '0.00033888',
  'time': 1624892572138},
 {'id': 152276213,
  'isBestMatch': True,
  'isBuyerMaker': False,
  'price': '0.00847200',
  'qty': '0.25000000',
  'quoteQty': '0.00211800',
  'time': 1624892572138},
 {'id': 152276214,
  'isBestMatch': True,
  'isBuyerMaker': False,
  'price': '0.00847200',
  'qty': '0.08000000',
  'quoteQty': '0.00067776',
  'time': 1624892572138},
 {'id': 152276215,
  'isBestMatch': True,
  'isBuyerMaker': False,
  'price': '0.00847200',
  'qty': '0.02000000',
  'quoteQty': '0.00016944',
  'time': 1624892572138},
 {'id': 152276216,
  'isBestMatch': True,
  'isBuyerMaker': False,
  'price': '0.00847200',
  'qty': '0.13000000',
  'quoteQty': '0.00110136',
  'time': 1624892572138},
 {'id': 152276217,
  'isBestMatch': True,
  'isBuyerMaker': False,
  'price': '0.00847200',
  'qty': '0.04000000',
  'quoteQty': '0.00033888',
  'time': 1624892572138},
 {'id': 152276218,
  'isBestMatch': True,
  'isBuyerMaker': False,
  'price': '0.00847200',
  'qty': '0.12000000',
  'quoteQty': '0.00101664',
  'time': 1624892572138},
 {'id': 152276219,
  'isBestMatch': True,
  'isBuyerMaker': False,
  'price': '0.00847200',
  'qty': '6.59000000',
  'quoteQty': '0.05583048',
  'time': 1624892572138},
 {'id': 152276220,
  'isBestMatch': True,
  'isBuyerMaker': False,
  'price': '0.00847300',
  'qty': '0.02000000',
  'quoteQty': '0.00016946',
  'time': 1624892572138},
 {'id': 152276221,
  'isBestMatch': True,
  'isBuyerMaker': False,
  'price': '0.00847300',
  'qty': '3.78000000',
  'quoteQty': '0.03202794',
  'time': 1624892572138},
 {'id': 152276222,
  'isBestMatch': True,
  'isBuyerMaker': False,
  'price': '0.00847300',
  'qty': '0.04000000',
  'quoteQty': '0.00033892',
  'time': 1624892572138},
 {'id': 152276223,
  'isBestMatch': True,
  'isBuyerMaker': False,
  'price': '0.00847300',
  'qty': '1.68000000',
  'quoteQty': '0.01423464',
  'time': 1624892572138},
 {'id': 152276224,
  'isBestMatch': True,
  'isBuyerMaker': False,
  'price': '0.00847300',
  'qty': '0.09000000',
  'quoteQty': '0.00076257',
  'time': 1624892572138},
 {'id': 152276225,
  'isBestMatch': True,
  'isBuyerMaker': False,
  'price': '0.00847300',
  'qty': '0.03000000',
  'quoteQty': '0.00025419',
  'time': 1624892572138},
 {'id': 152276226,
  'isBestMatch': True,
  'isBuyerMaker': False,
  'price': '0.00847300',
  'qty': '2.82000000',
  'quoteQty': '0.02389386',
  'time': 1624892572138},
 {'id': 152276227,
  'isBestMatch': True,
  'isBuyerMaker': False,
  'price': '0.00847300',
  'qty': '0.45000000',
  'quoteQty': '0.00381285',
  'time': 1624892572138},
 {'id': 152276228,
  'isBestMatch': True,
  'isBuyerMaker': False,
  'price': '0.00847300',
  'qty': '0.53000000',
  'quoteQty': '0.00449069',
  'time': 1624892572138},
 {'id': 152276229,
  'isBestMatch': True,
  'isBuyerMaker': False,
  'price': '0.00847400',
  'qty': '0.24000000',
  'quoteQty': '0.00203376',
  'time': 1624892572138},
 {'id': 152276230,
  'isBestMatch': True,
  'isBuyerMaker': False,
  'price': '0.00847400',
  'qty': '0.03000000',
  'quoteQty': '0.00025422',
  'time': 1624892572138},
 {'id': 152276231,
  'isBestMatch': True,
  'isBuyerMaker': False,
  'price': '0.00847400',
  'qty': '0.25000000',
  'quoteQty': '0.00211850',
  'time': 1624892572138},
 {'id': 152276232,
  'isBestMatch': True,
  'isBuyerMaker': False,
  'price': '0.00847400',
  'qty': '0.05000000',
  'quoteQty': '0.00042370',
  'time': 1624892572138},
 {'id': 152276233,
  'isBestMatch': True,
  'isBuyerMaker': False,
  'price': '0.00847400',
  'qty': '7.17000000',
  'quoteQty': '0.06075858',
  'time': 1624892572138},
 {'id': 152276234,
  'isBestMatch': True,
  'isBuyerMaker': False,
  'price': '0.00847400',
  'qty': '0.03000000',
  'quoteQty': '0.00025422',
  'time': 1624892572138},
 {'id': 152276235,
  'isBestMatch': True,
  'isBuyerMaker': False,
  'price': '0.00847400',
  'qty': '0.66000000',
  'quoteQty': '0.00559284',
  'time': 1624892572138},
 {'id': 152276236,
  'isBestMatch': True,
  'isBuyerMaker': False,
  'price': '0.00847400',
  'qty': '0.04000000',
  'quoteQty': '0.00033896',
  'time': 1624892572138},
 {'id': 152276237,
  'isBestMatch': True,
  'isBuyerMaker': False,
  'price': '0.00847400',
  'qty': '0.04000000',
  'quoteQty': '0.00033896',
  'time': 1624892572138},
 {'id': 152276238,
  'isBestMatch': True,
  'isBuyerMaker': False,
  'price': '0.00847400',
  'qty': '0.04000000',
  'quoteQty': '0.00033896',
  'time': 1624892572138},
 {'id': 152276239,
  'isBestMatch': True,
  'isBuyerMaker': False,
  'price': '0.00847400',
  'qty': '0.04000000',
  'quoteQty': '0.00033896',
  'time': 1624892572138},
 {'id': 152276240,
  'isBestMatch': True,
  'isBuyerMaker': False,
  'price': '0.00847400',
  'qty': '0.04000000',
  'quoteQty': '0.00033896',
  'time': 1624892572138},
 {'id': 152276241,
  'isBestMatch': True,
  'isBuyerMaker': False,
  'price': '0.00847400',
  'qty': '0.04000000',
  'quoteQty': '0.00033896',
  'time': 1624892572138},
 {'id': 152276242,
  'isBestMatch': True,
  'isBuyerMaker': False,
  'price': '0.00847400',
  'qty': '0.04000000',
  'quoteQty': '0.00033896',
  'time': 1624892572138},
 {'id': 152276243,
  'isBestMatch': True,
  'isBuyerMaker': False,
  'price': '0.00847400',
  'qty': '0.37000000',
  'quoteQty': '0.00313538',
  'time': 1624892572138},
 {'id': 152276244,
  'isBestMatch': True,
  'isBuyerMaker': False,
  'price': '0.00847400',
  'qty': '0.03000000',
  'quoteQty': '0.00025422',
  'time': 1624892572138},
 {'id': 152276245,
  'isBestMatch': True,
  'isBuyerMaker': False,
  'price': '0.00847400',
  'qty': '0.06000000',
  'quoteQty': '0.00050844',
  'time': 1624892572138},
 {'id': 152276246,
  'isBestMatch': True,
  'isBuyerMaker': False,
  'price': '0.00847400',
  'qty': '0.22000000',
  'quoteQty': '0.00186428',
  'time': 1624892572138},
 {'id': 152276247,
  'isBestMatch': True,
  'isBuyerMaker': False,
  'price': '0.00847400',
  'qty': '12.74000000',
  'quoteQty': '0.10795876',
  'time': 1624892572138},
 {'id': 152276248,
  'isBestMatch': True,
  'isBuyerMaker': False,
  'price': '0.00847400',
  'qty': '2.92000000',
  'quoteQty': '0.02474408',
  'time': 1624892572138},
 {'id': 152276249,
  'isBestMatch': True,
  'isBuyerMaker': False,
  'price': '0.00847400',
  'qty': '68.28000000',
  'quoteQty': '0.57860472',
  'time': 1624892572138},
 {'id': 152276250,
  'isBestMatch': True,
  'isBuyerMaker': False,
  'price': '0.00847400',
  'qty': '23.61000000',
  'quoteQty': '0.20007114',
  'time': 1624892572138},
 {'id': 152276251,
  'isBestMatch': True,
  'isBuyerMaker': False,
  'price': '0.00847400',
  'qty': '6.54000000',
  'quoteQty': '0.05541996',
  'time': 1624892572138},
 {'id': 152276252,
  'isBestMatch': True,
  'isBuyerMaker': False,
  'price': '0.00847100',
  'qty': '6.00000000',
  'quoteQty': '0.05082600',
  'time': 1624892572551},
 {'id': 152276253,
  'isBestMatch': True,
  'isBuyerMaker': False,
  'price': '0.00847100',
  'qty': '4.69000000',
  'quoteQty': '0.03972899',
  'time': 1624892572551},
 {'id': 152276254,
  'isBestMatch': True,
  'isBuyerMaker': True,
  'price': '0.00847000',
  'qty': '0.20000000',
  'quoteQty': '0.00169400',
  'time': 1624892573437},
 {'id': 152276255,
  'isBestMatch': True,
  'isBuyerMaker': True,
  'price': '0.00847000',
  'qty': '0.04000000',
  'quoteQty': '0.00033880',
  'time': 1624892574347},
 {'id': 152276256,
  'isBestMatch': True,
  'isBuyerMaker': False,
  'price': '0.00847200',
  'qty': '0.70000000',
  'quoteQty': '0.00593040',
  'time': 1624892574372},
 {'id': 152276257,
  'isBestMatch': True,
  'isBuyerMaker': True,
  'price': '0.00847000',
  'qty': '0.06000000',
  'quoteQty': '0.00050820',
  'time': 1624892574684},
 {'id': 152276258,
  'isBestMatch': True,
  'isBuyerMaker': True,
  'price': '0.00847000',
  'qty': '63.91000000',
  'quoteQty': '0.54131770',
  'time': 1624892575599},
 {'id': 152276259,
  'isBestMatch': True,
  'isBuyerMaker': True,
  'price': '0.00846900',
  'qty': '30.00000000',
  'quoteQty': '0.25407000',
  'time': 1624892577053},
 {'id': 152276260,
  'isBestMatch': True,
  'isBuyerMaker': False,
  'price': '0.00847000',
  'qty': '0.51000000',
  'quoteQty': '0.00431970',
  'time': 1624892577588},
 {'id': 152276261,
  'isBestMatch': True,
  'isBuyerMaker': True,
  'price': '0.00846900',
  'qty': '0.26000000',
  'quoteQty': '0.00220194',
  'time': 1624892578313},
 {'id': 152276262,
  'isBestMatch': True,
  'isBuyerMaker': True,
  'price': '0.00846900',
  'qty': '0.17000000',
  'quoteQty': '0.00143973',
  'time': 1624892579450},
 {'id': 152276263,
  'isBestMatch': True,
  'isBuyerMaker': False,
  'price': '0.00847000',
  'qty': '0.06000000',
  'quoteQty': '0.00050820',
  'time': 1624892584550},
 {'id': 152276264,
  'isBestMatch': True,
  'isBuyerMaker': False,
  'price': '0.00847000',
  'qty': '0.04000000',
  'quoteQty': '0.00033880',
  'time': 1624892584550},
 {'id': 152276265,
  'isBestMatch': True,
  'isBuyerMaker': False,
  'price': '0.00847000',
  'qty': '2.75000000',
  'quoteQty': '0.02329250',
  'time': 1624892584550},
 {'id': 152276266,
  'isBestMatch': True,
  'isBuyerMaker': True,
  'price': '0.00847100',
  'qty': '0.06000000',
  'quoteQty': '0.00050826',
  'time': 1624892585986},
 {'id': 152276267,
  'isBestMatch': True,
  'isBuyerMaker': False,
  'price': '0.00847300',
  'qty': '0.06000000',
  'quoteQty': '0.00050838',
  'time': 1624892587722},
 {'id': 152276268,
  'isBestMatch': True,
  'isBuyerMaker': False,
  'price': '0.00847300',
  'qty': '0.04000000',
  'quoteQty': '0.00033892',
  'time': 1624892587722},
 {'id': 152276269,
  'isBestMatch': True,
  'isBuyerMaker': True,
  'price': '0.00847100',
  'qty': '0.18000000',
  'quoteQty': '0.00152478',
  'time': 1624892588271},
 {'id': 152276270,
  'isBestMatch': True,
  'isBuyerMaker': False,
  'price': '0.00847400',
  'qty': '0.23000000',
  'quoteQty': '0.00194902',
  'time': 1624892588845},
 {'id': 152276271,
  'isBestMatch': True,
  'isBuyerMaker': True,
  'price': '0.00847300',
  'qty': '5.70000000',
  'quoteQty': '0.04829610',
  'time': 1624892589684},
 {'id': 152276272,
  'isBestMatch': True,
  'isBuyerMaker': True,
  'price': '0.00847100',
  'qty': '0.17000000',
  'quoteQty': '0.00144007',
  'time': 1624892592276},
 {'id': 152276273,
  'isBestMatch': True,
  'isBuyerMaker': True,
  'price': '0.00847100',
  'qty': '3.38000000',
  'quoteQty': '0.02863198',
  'time': 1624892592856},
 {'id': 152276274,
  'isBestMatch': True,
  'isBuyerMaker': False,
  'price': '0.00847400',
  'qty': '0.80000000',
  'quoteQty': '0.00677920',
  'time': 1624892594377},
 {'id': 152276275,
  'isBestMatch': True,
  'isBuyerMaker': True,
  'price': '0.00847100',
  'qty': '0.78000000',
  'quoteQty': '0.00660738',
  'time': 1624892596037},
 {'id': 152276276,
  'isBestMatch': True,
  'isBuyerMaker': False,
  'price': '0.00847100',
  'qty': '0.78000000',
  'quoteQty': '0.00660738',
  'time': 1624892597377},
 {'id': 152276277,
  'isBestMatch': True,
  'isBuyerMaker': False,
  'price': '0.00847100',
  'qty': '0.77000000',
  'quoteQty': '0.00652267',
  'time': 1624892602946},
 {'id': 152276278,
  'isBestMatch': True,
  'isBuyerMaker': False,
  'price': '0.00847100',
  'qty': '0.14000000',
  'quoteQty': '0.00118594',
  'time': 1624892603964},
 {'id': 152276279,
  'isBestMatch': True,
  'isBuyerMaker': False,
  'price': '0.00847200',
  'qty': '0.08000000',
  'quoteQty': '0.00067776',
  'time': 1624892605480},
 {'id': 152276280,
  'isBestMatch': True,
  'isBuyerMaker': False,
  'price': '0.00847100',
  'qty': '0.80000000',
  'quoteQty': '0.00677680',
  'time': 1624892608279},
 {'id': 152276281,
  'isBestMatch': True,
  'isBuyerMaker': False,
  'price': '0.00847100',
  'qty': '0.78000000',
  'quoteQty': '0.00660738',
  'time': 1624892610279},
 {'id': 152276282,
  'isBestMatch': True,
  'isBuyerMaker': True,
  'price': '0.00847000',
  'qty': '0.29000000',
  'quoteQty': '0.00245630',
  'time': 1624892610654},
 {'id': 152276283,
  'isBestMatch': True,
  'isBuyerMaker': True,
  'price': '0.00847000',
  'qty': '0.78000000',
  'quoteQty': '0.00660660',
  'time': 1624892610654},
 {'id': 152276284,
  'isBestMatch': True,
  'isBuyerMaker': True,
  'price': '0.00846900',
  'qty': '0.92000000',
  'quoteQty': '0.00779148',
  'time': 1624892610654},
 {'id': 152276285,
  'isBestMatch': True,
  'isBuyerMaker': True,
  'price': '0.00847000',
  'qty': '0.13000000',
  'quoteQty': '0.00110110',
  'time': 1624892617123},
 {'id': 152276286,
  'isBestMatch': True,
  'isBuyerMaker': True,
  'price': '0.00846900',
  'qty': '31.25000000',
  'quoteQty': '0.26465625',
  'time': 1624892617123},
 {'id': 152276287,
  'isBestMatch': True,
  'isBuyerMaker': True,
  'price': '0.00846900',
  'qty': '9.64000000',
  'quoteQty': '0.08164116',
  'time': 1624892617178},
 {'id': 152276288,
  'isBestMatch': True,
  'isBuyerMaker': True,
  'price': '0.00846900',
  'qty': '1.82000000',
  'quoteQty': '0.01541358',
  'time': 1624892617224},
 {'id': 152276289,
  'isBestMatch': True,
  'isBuyerMaker': True,
  'price': '0.00846900',
  'qty': '2.76000000',
  'quoteQty': '0.02337444',
  'time': 1624892617244},
 {'id': 152276290,
  'isBestMatch': True,
  'isBuyerMaker': True,
  'price': '0.00846900',
  'qty': '0.62000000',
  'quoteQty': '0.00525078',
  'time': 1624892617305},
 {'id': 152276291,
  'isBestMatch': True,
  'isBuyerMaker': True,
  'price': '0.00846900',
  'qty': '0.71000000',
  'quoteQty': '0.00601299',
  'time': 1624892617310},
 {'id': 152276292,
  'isBestMatch': True,
  'isBuyerMaker': True,
  'price': '0.00846900',
  'qty': '31.38000000',
  'quoteQty': '0.26575722',
  'time': 1624892617630},
 {'id': 152276293,
  'isBestMatch': True,
  'isBuyerMaker': True,
  'price': '0.00846900',
  'qty': '9.64000000',
  'quoteQty': '0.08164116',
  'time': 1624892617693},
 {'id': 152276294,
  'isBestMatch': True,
  'isBuyerMaker': True,
  'price': '0.00846900',
  'qty': '1.82000000',
  'quoteQty': '0.01541358',
  'time': 1624892617724},
 {'id': 152276295,
  'isBestMatch': True,
  'isBuyerMaker': True,
  'price': '0.00846900',
  'qty': '0.71000000',
  'quoteQty': '0.00601299',
  'time': 1624892617827},
 {'id': 152276296,
  'isBestMatch': True,
  'isBuyerMaker': True,
  'price': '0.00846900',
  'qty': '31.38000000',
  'quoteQty': '0.26575722',
  'time': 1624892618140},
 {'id': 152276297,
  'isBestMatch': True,
  'isBuyerMaker': True,
  'price': '0.00846900',
  'qty': '9.64000000',
  'quoteQty': '0.08164116',
  'time': 1624892618194},
 {'id': 152276298,
  'isBestMatch': True,
  'isBuyerMaker': True,
  'price': '0.00846900',
  'qty': '1.82000000',
  'quoteQty': '0.01541358',
  'time': 1624892618230},
 {'id': 152276299,
  'isBestMatch': True,
  'isBuyerMaker': True,
  'price': '0.00846900',
  'qty': '0.71000000',
  'quoteQty': '0.00601299',
  'time': 1624892618331},
 {'id': 152276300,
  'isBestMatch': True,
  'isBuyerMaker': True,
  'price': '0.00846900',
  'qty': '31.38000000',
  'quoteQty': '0.26575722',
  'time': 1624892618665},
 {'id': 152276301,
  'isBestMatch': True,
  'isBuyerMaker': True,
  'price': '0.00846900',
  'qty': '0.96000000',
  'quoteQty': '0.00813024',
  'time': 1624892618695},
 {'id': 152276302,
  'isBestMatch': True,
  'isBuyerMaker': True,
  'price': '0.00846900',
  'qty': '1.82000000',
  'quoteQty': '0.01541358',
  'time': 1624892618726},
 {'id': 152276303,
  'isBestMatch': True,
  'isBuyerMaker': True,
  'price': '0.00846900',
  'qty': '1.00000000',
  'quoteQty': '0.00846900',
  'time': 1624892618798},
 {'id': 152276304,
  'isBestMatch': True,
  'isBuyerMaker': True,
  'price': '0.00846900',
  'qty': '0.71000000',
  'quoteQty': '0.00601299',
  'time': 1624892618838},
 {'id': 152276305,
  'isBestMatch': True,
  'isBuyerMaker': True,
  'price': '0.00846900',
  'qty': '31.38000000',
  'quoteQty': '0.26575722',
  'time': 1624892619166},
 {'id': 152276306,
  'isBestMatch': True,
  'isBuyerMaker': True,
  'price': '0.00846900',
  'qty': '0.96000000',
  'quoteQty': '0.00813024',
  'time': 1624892619199},
 {'id': 152276307,
  'isBestMatch': True,
  'isBuyerMaker': True,
  'price': '0.00846900',
  'qty': '1.82000000',
  'quoteQty': '0.01541358',
  'time': 1624892619241},
 {'id': 152276308,
  'isBestMatch': True,
  'isBuyerMaker': True,
  'price': '0.00846900',
  'qty': '17.48000000',
  'quoteQty': '0.14803812',
  'time': 1624892619273},
 {'id': 152276309,
  'isBestMatch': True,
  'isBuyerMaker': True,
  'price': '0.00846900',
  'qty': '0.71000000',
  'quoteQty': '0.00601299',
  'time': 1624892619339},
 {'id': 152276310,
  'isBestMatch': True,
  'isBuyerMaker': True,
  'price': '0.00846900',
  'qty': '31.38000000',
  'quoteQty': '0.26575722',
  'time': 1624892619670},
 {'id': 152276311,
  'isBestMatch': True,
  'isBuyerMaker': True,
  'price': '0.00846900',
  'qty': '0.92000000',
  'quoteQty': '0.00779148',
  'time': 1624892619679},
 {'id': 152276312,
  'isBestMatch': True,
  'isBuyerMaker': True,
  'price': '0.00846900',
  'qty': '0.96000000',
  'quoteQty': '0.00813024',
  'time': 1624892619703},
 {'id': 152276313,
  'isBestMatch': True,
  'isBuyerMaker': True,
  'price': '0.00846900',
  'qty': '1.82000000',
  'quoteQty': '0.01541358',
  'time': 1624892619740},
 {'id': 152276314,
  'isBestMatch': True,
  'isBuyerMaker': False,
  'price': '0.00847000',
  'qty': '0.09000000',
  'quoteQty': '0.00076230',
  'time': 1624892619760},
 {'id': 152276315,
  'isBestMatch': True,
  'isBuyerMaker': True,
  'price': '0.00846900',
  'qty': '0.59000000',
  'quoteQty': '0.00499671',
  'time': 1624892619825},
 {'id': 152276316,
  'isBestMatch': True,
  'isBuyerMaker': True,
  'price': '0.00846900',
  'qty': '0.59000000',
  'quoteQty': '0.00499671',
  'time': 1624892619828},
 {'id': 152276317,
  'isBestMatch': True,
  'isBuyerMaker': True,
  'price': '0.00846900',
  'qty': '0.67000000',
  'quoteQty': '0.00567423',
  'time': 1624892619855},
 {'id': 152276318,
  'isBestMatch': True,
  'isBuyerMaker': True,
  'price': '0.00846900',
  'qty': '0.04000000',
  'quoteQty': '0.00033876',
  'time': 1624892619855},
 {'id': 152276319,
  'isBestMatch': True,
  'isBuyerMaker': True,
  'price': '0.00846900',
  'qty': '0.01000000',
  'quoteQty': '0.00008469',
  'time': 1624892620173},
 {'id': 152276320,
  'isBestMatch': True,
  'isBuyerMaker': True,
  'price': '0.00846700',
  'qty': '0.12000000',
  'quoteQty': '0.00101604',
  'time': 1624892620173},
 {'id': 152276321,
  'isBestMatch': True,
  'isBuyerMaker': True,
  'price': '0.00846700',
  'qty': '0.61000000',
  'quoteQty': '0.00516487',
  'time': 1624892620173},
 {'id': 152276322,
  'isBestMatch': True,
  'isBuyerMaker': True,
  'price': '0.00846700',
  'qty': '7.72000000',
  'quoteQty': '0.06536524',
  'time': 1624892620173},
 {'id': 152276323,
  'isBestMatch': True,
  'isBuyerMaker': True,
  'price': '0.00846700',
  'qty': '5.70000000',
  'quoteQty': '0.04826190',
  'time': 1624892620173},
 {'id': 152276324,
  'isBestMatch': True,
  'isBuyerMaker': True,
  'price': '0.00846700',
  'qty': '5.70000000',
  'quoteQty': '0.04826190',
  'time': 1624892620676},
 {'id': 152276325,
  'isBestMatch': True,
  'isBuyerMaker': True,
  'price': '0.00846700',
  'qty': '25.68000000',
  'quoteQty': '0.21743256',
  'time': 1624892620676},
 {'id': 152276326,
  'isBestMatch': True,
  'isBuyerMaker': True,
  'price': '0.00846600',
  'qty': '0.24000000',
  'quoteQty': '0.00203184',
  'time': 1624892621177},
 {'id': 152276327,
  'isBestMatch': True,
  'isBuyerMaker': True,
  'price': '0.00846600',
  'qty': '31.14000000',
  'quoteQty': '0.26363124',
  'time': 1624892621177},
 {'id': 152276328,
  'isBestMatch': True,
  'isBuyerMaker': False,
  'price': '0.00846700',
  'qty': '0.43000000',
  'quoteQty': '0.00364081',
  'time': 1624892622280},
 {'id': 152276329,
  'isBestMatch': True,
  'isBuyerMaker': False,
  'price': '0.00846700',
  'qty': '0.37000000',
  'quoteQty': '0.00313279',
  'time': 1624892622925},
 {'id': 152276330,
  'isBestMatch': True,
  'isBuyerMaker': False,
  'price': '0.00846700',
  'qty': '0.26000000',
  'quoteQty': '0.00220142',
  'time': 1624892622985},
 {'id': 152276331,
  'isBestMatch': True,
  'isBuyerMaker': False,
  'price': '0.00846800',
  'qty': '0.02000000',
  'quoteQty': '0.00016936',
  'time': 1624892629919},
 {'id': 152276332,
  'isBestMatch': True,
  'isBuyerMaker': True,
  'price': '0.00846700',
  'qty': '2.32000000',
  'quoteQty': '0.01964344',
  'time': 1624892630416},
 {'id': 152276333,
  'isBestMatch': True,
  'isBuyerMaker': True,
  'price': '0.00846700',
  'qty': '0.33000000',
  'quoteQty': '0.00279411',
  'time': 1624892630416},
 {'id': 152276334,
  'isBestMatch': True,
  'isBuyerMaker': False,
  'price': '0.00846800',
  'qty': '0.07000000',
  'quoteQty': '0.00059276',
  'time': 1624892631056},
 {'id': 152276335,
  'isBestMatch': True,
  'isBuyerMaker': False,
  'price': '0.00846900',
  'qty': '0.44000000',
  'quoteQty': '0.00372636',
  'time': 1624892637218},
 {'id': 152276336,
  'isBestMatch': True,
  'isBuyerMaker': False,
  'price': '0.00846900',
  'qty': '0.05000000',
  'quoteQty': '0.00042345',
  'time': 1624892639947},
 {'id': 152276337,
  'isBestMatch': True,
  'isBuyerMaker': False,
  'price': '0.00846900',
  'qty': '0.86000000',
  'quoteQty': '0.00728334',
  'time': 1624892640385},
 {'id': 152276338,
  'isBestMatch': True,
  'isBuyerMaker': True,
  'price': '0.00846800',
  'qty': '0.02000000',
  'quoteQty': '0.00016936',
  'time': 1624892644414},
 {'id': 152276339,
  'isBestMatch': True,
  'isBuyerMaker': False,
  'price': '0.00846800',
  'qty': '0.03000000',
  'quoteQty': '0.00025404',
  'time': 1624892646366},
 {'id': 152276340,
  'isBestMatch': True,
  'isBuyerMaker': False,
  'price': '0.00846700',
  'qty': '0.03000000',
  'quoteQty': '0.00025401',
  'time': 1624892648724},
 {'id': 152276341,
  'isBestMatch': True,
  'isBuyerMaker': False,
  'price': '0.00846700',
  'qty': '0.56000000',
  'quoteQty': '0.00474152',
  'time': 1624892649617},
 {'id': 152276342,
  'isBestMatch': True,
  'isBuyerMaker': False,
  'price': '0.00846700',
  'qty': '0.21000000',
  'quoteQty': '0.00177807',
  'time': 1624892649617},
 {'id': 152276343,
  'isBestMatch': True,
  'isBuyerMaker': False,
  'price': '0.00846700',
  'qty': '0.05000000',
  'quoteQty': '0.00042335',
  'time': 1624892649716},
 {'id': 152276344,
  'isBestMatch': True,
  'isBuyerMaker': True,
  'price': '0.00846800',
  'qty': '0.08000000',
  'quoteQty': '0.00067744',
  'time': 1624892652398},
 {'id': 152276345,
  'isBestMatch': True,
  'isBuyerMaker': True,
  'price': '0.00846500',
  'qty': '0.06000000',
  'quoteQty': '0.00050790',
  'time': 1624892655519},
 {'id': 152276346,
  'isBestMatch': True,
  'isBuyerMaker': False,
  'price': '0.00846700',
  'qty': '0.07000000',
  'quoteQty': '0.00059269',
  'time': 1624892658243},
 {'id': 152276347,
  'isBestMatch': True,
  'isBuyerMaker': True,
  'price': '0.00846500',
  'qty': '0.10000000',
  'quoteQty': '0.00084650',
  'time': 1624892658307},
 {'id': 152276348,
  'isBestMatch': True,
  'isBuyerMaker': False,
  'price': '0.00846800',
  'qty': '0.02000000',
  'quoteQty': '0.00016936',
  'time': 1624892661081},
 {'id': 152276349,
  'isBestMatch': True,
  'isBuyerMaker': True,
  'price': '0.00846600',
  'qty': '0.47000000',
  'quoteQty': '0.00397902',
  'time': 1624892661232},
 {'id': 152276350,
  'isBestMatch': True,
  'isBuyerMaker': True,
  'price': '0.00846800',
  'qty': '0.26000000',
  'quoteQty': '0.00220168',
  'time': 1624892662837},
 {'id': 152276351,
  'isBestMatch': True,
  'isBuyerMaker': False,
  'price': '0.00846900',
  'qty': '0.02000000',
  'quoteQty': '0.00016938',
  'time': 1624892669069},
 {'id': 152276352,
  'isBestMatch': True,
  'isBuyerMaker': True,
  'price': '0.00846800',
  'qty': '0.93000000',
  'quoteQty': '0.00787524',
  'time': 1624892674042},
 {'id': 152276353,
  'isBestMatch': True,
  'isBuyerMaker': True,
  'price': '0.00846800',
  'qty': '0.07000000',
  'quoteQty': '0.00059276',
  'time': 1624892674042},
 {'id': 152276354,
  'isBestMatch': True,
  'isBuyerMaker': True,
  'price': '0.00846800',
  'qty': '0.36000000',
  'quoteQty': '0.00304848',
  'time': 1624892674042},
 {'id': 152276355,
  'isBestMatch': True,
  'isBuyerMaker': True,
  'price': '0.00846800',
  'qty': '6.00000000',
  'quoteQty': '0.05080800',
  'time': 1624892674042},
 {'id': 152276356,
  'isBestMatch': True,
  'isBuyerMaker': True,
  'price': '0.00846800',
  'qty': '4.97000000',
  'quoteQty': '0.04208596',
  'time': 1624892674042},
 {'id': 152276357,
  'isBestMatch': True,
  'isBuyerMaker': True,
  'price': '0.00846800',
  'qty': '3.01000000',
  'quoteQty': '0.02548868',
  'time': 1624892674042},
 {'id': 152276358,
  'isBestMatch': True,
  'isBuyerMaker': False,
  'price': '0.00846800',
  'qty': '19.42000000',
  'quoteQty': '0.16444856',
  'time': 1624892679478},
 {'id': 152276359,
  'isBestMatch': True,
  'isBuyerMaker': False,
  'price': '0.00846900',
  'qty': '0.03000000',
  'quoteQty': '0.00025407',
  'time': 1624892679519},
 {'id': 152276360,
  'isBestMatch': True,
  'isBuyerMaker': False,
  'price': '0.00847000',
  'qty': '2.80000000',
  'quoteQty': '0.02371600',
  'time': 1624892679607},
 {'id': 152276361,
  'isBestMatch': True,
  'isBuyerMaker': False,
  'price': '0.00847100',
  'qty': '1.23000000',
  'quoteQty': '0.01041933',
  'time': 1624892679797},
 {'id': 152276362,
  'isBestMatch': True,
  'isBuyerMaker': False,
  'price': '0.00847100',
  'qty': '0.04000000',
  'quoteQty': '0.00033884',
  'time': 1624892679797},
 {'id': 152276363,
  'isBestMatch': True,
  'isBuyerMaker': False,
  'price': '0.00847100',
  'qty': '0.04000000',
  'quoteQty': '0.00033884',
  'time': 1624892679797},
 {'id': 152276364,
  'isBestMatch': True,
  'isBuyerMaker': False,
  'price': '0.00847300',
  'qty': '0.10000000',
  'quoteQty': '0.00084730',
  'time': 1624892680018},
 {'id': 152276365,
  'isBestMatch': True,
  'isBuyerMaker': True,
  'price': '0.00847200',
  'qty': '0.02000000',
  'quoteQty': '0.00016944',
  'time': 1624892680369},
 {'id': 152276366,
  'isBestMatch': True,
  'isBuyerMaker': True,
  'price': '0.00847200',
  'qty': '0.04000000',
  'quoteQty': '0.00033888',
  'time': 1624892681587},
 {'id': 152276367,
  'isBestMatch': True,
  'isBuyerMaker': False,
  'price': '0.00847000',
  'qty': '0.10000000',
  'quoteQty': '0.00084700',
  'time': 1624892683268},
 {'id': 152276368,
  'isBestMatch': True,
  'isBuyerMaker': True,
  'price': '0.00846800',
  'qty': '0.97000000',
  'quoteQty': '0.00821396',
  'time': 1624892683953},
 {'id': 152276369,
  'isBestMatch': True,
  'isBuyerMaker': False,
  'price': '0.00847000',
  'qty': '0.55000000',
  'quoteQty': '0.00465850',
  'time': 1624892685470},
 {'id': 152276370,
  'isBestMatch': True,
  'isBuyerMaker': True,
  'price': '0.00846900',
  'qty': '0.97000000',
  'quoteQty': '0.00821493',
  'time': 1624892685952},
 {'id': 152276371,
  'isBestMatch': True,
  'isBuyerMaker': True,
  'price': '0.00846900',
  'qty': '0.55000000',
  'quoteQty': '0.00465795',
  'time': 1624892686950},
 {'id': 152276372,
  'isBestMatch': True,
  'isBuyerMaker': True,
  'price': '0.00846800',
  'qty': '0.42000000',
  'quoteQty': '0.00355656',
  'time': 1624892686950},
 {'id': 152276373,
  'isBestMatch': True,
  'isBuyerMaker': True,
  'price': '0.00847000',
  'qty': '0.10000000',
  'quoteQty': '0.00084700',
  'time': 1624892692092},
 {'id': 152276374,
  'isBestMatch': True,
  'isBuyerMaker': False,
  'price': '0.00847200',
  'qty': '0.23000000',
  'quoteQty': '0.00194856',
  'time': 1624892692666},
 {'id': 152276375,
  'isBestMatch': True,
  'isBuyerMaker': False,
  'price': '0.00847200',
  'qty': '5.77000000',
  'quoteQty': '0.04888344',
  'time': 1624892693163},
 {'id': 152276376,
  'isBestMatch': True,
  'isBuyerMaker': False,
  'price': '0.00847200',
  'qty': '2.36000000',
  'quoteQty': '0.01999392',
  'time': 1624892693163},
 {'id': 152276377,
  'isBestMatch': True,
  'isBuyerMaker': False,
  'price': '0.00847200',
  'qty': '6.00000000',
  'quoteQty': '0.05083200',
  'time': 1624892693322},
 {'id': 152276378,
  'isBestMatch': True,
  'isBuyerMaker': False,
  'price': '0.00847200',
  'qty': '0.41000000',
  'quoteQty': '0.00347352',
  'time': 1624892693806},
 {'id': 152276379,
  'isBestMatch': True,
  'isBuyerMaker': False,
  'price': '0.00847200',
  'qty': '31.08000000',
  'quoteQty': '0.26330976',
  'time': 1624892693828},
 {'id': 152276380,
  'isBestMatch': True,
  'isBuyerMaker': False,
  'price': '0.00847000',
  'qty': '0.42000000',
  'quoteQty': '0.00355740',
  'time': 1624892694088},
 {'id': 152276381,
  'isBestMatch': True,
  'isBuyerMaker': False,
  'price': '0.00847100',
  'qty': '5.70000000',
  'quoteQty': '0.04828470',
  'time': 1624892694088},
 {'id': 152276382,
  'isBestMatch': True,
  'isBuyerMaker': False,
  'price': '0.00847100',
  'qty': '5.70000000',
  'quoteQty': '0.04828470',
  'time': 1624892694416},
 {'id': 152276383,
  'isBestMatch': True,
  'isBuyerMaker': False,
  'price': '0.00847100',
  'qty': '5.70000000',
  'quoteQty': '0.04828470',
  'time': 1624892694520},
 {'id': 152276384,
  'isBestMatch': True,
  'isBuyerMaker': False,
  'price': '0.00847100',
  'qty': '5.70000000',
  'quoteQty': '0.04828470',
  'time': 1624892694918},
 {'id': 152276385,
  'isBestMatch': True,
  'isBuyerMaker': True,
  'price': '0.00846900',
  'qty': '2.16000000',
  'quoteQty': '0.01829304',
  'time': 1624892694967},
 {'id': 152276386,
  'isBestMatch': True,
  'isBuyerMaker': False,
  'price': '0.00847000',
  'qty': '5.70000000',
  'quoteQty': '0.04827900',
  'time': 1624892695025},
 {'id': 152276387,
  'isBestMatch': True,
  'isBuyerMaker': False,
  'price': '0.00847200',
  'qty': '34.90000000',
  'quoteQty': '0.29567280',
  'time': 1624892695041},
 {'id': 152276388,
  'isBestMatch': True,
  'isBuyerMaker': False,
  'price': '0.00847000',
  'qty': '5.70000000',
  'quoteQty': '0.04827900',
  'time': 1624892695207},
 {'id': 152276389,
  'isBestMatch': True,
  'isBuyerMaker': False,
  'price': '0.00847000',
  'qty': '5.70000000',
  'quoteQty': '0.04827900',
  'time': 1624892695307},
 {'id': 152276390,
  'isBestMatch': True,
  'isBuyerMaker': False,
  'price': '0.00847000',
  'qty': '2.26000000',
  'quoteQty': '0.01914220',
  'time': 1624892695412},
 {'id': 152276391,
  'isBestMatch': True,
  'isBuyerMaker': False,
  'price': '0.00847000',
  'qty': '67.35000000',
  'quoteQty': '0.57045450',
  'time': 1624892695412},
 {'id': 152276392,
  'isBestMatch': True,
  'isBuyerMaker': False,
  'price': '0.00847000',
  'qty': '45.47000000',
  'quoteQty': '0.38513090',
  'time': 1624892695550},
 {'id': 152276393,
  'isBestMatch': True,
  'isBuyerMaker': False,
  'price': '0.00847000',
  'qty': '6.00000000',
  'quoteQty': '0.05082000',
  'time': 1624892695558},
 {'id': 152276394,
  'isBestMatch': True,
  'isBuyerMaker': False,
  'price': '0.00847200',
  'qty': '5.51000000',
  'quoteQty': '0.04668072',
  'time': 1624892695707},
 {'id': 152276395,
  'isBestMatch': True,
  'isBuyerMaker': False,
  'price': '0.00847200',
  'qty': '13.65000000',
  'quoteQty': '0.11564280',
  'time': 1624892696106},
 {'id': 152276396,
  'isBestMatch': True,
  'isBuyerMaker': False,
  'price': '0.00847200',
  'qty': '5.70000000',
  'quoteQty': '0.04829040',
  'time': 1624892696106},
 {'id': 152276397,
  'isBestMatch': True,
  'isBuyerMaker': False,
  'price': '0.00847200',
  'qty': '1.95000000',
  'quoteQty': '0.01652040',
  'time': 1624892696647},
 {'id': 152276398,
  'isBestMatch': True,
  'isBuyerMaker': False,
  'price': '0.00847200',
  'qty': '20.86000000',
  'quoteQty': '0.17672592',
  'time': 1624892697166},
 {'id': 152276399,
  'isBestMatch': True,
  'isBuyerMaker': False,
  'price': '0.00847200',
  'qty': '0.24000000',
  'quoteQty': '0.00203328',
  'time': 1624892697226},
 {'id': 152276400,
  'isBestMatch': True,
  'isBuyerMaker': True,
  'price': '0.00847200',
  'qty': '5.70000000',
  'quoteQty': '0.04829040',
  'time': 1624892697633},
 {'id': 152276401,
  'isBestMatch': True,
  'isBuyerMaker': True,
  'price': '0.00847200',
  'qty': '2.63000000',
  'quoteQty': '0.02228136',
  'time': 1624892697633},
 {'id': 152276402,
  'isBestMatch': True,
  'isBuyerMaker': True,
  'price': '0.00847200',
  'qty': '2.19000000',
  'quoteQty': '0.01855368',
  'time': 1624892697633},
 {'id': 152276403,
  'isBestMatch': True,
  'isBuyerMaker': False,
  'price': '0.00847400',
  'qty': '0.24000000',
  'quoteQty': '0.00203376',
  'time': 1624892697672},
 {'id': 152276404,
  'isBestMatch': True,
  'isBuyerMaker': False,
  'price': '0.00847400',
  'qty': '2.19000000',
  'quoteQty': '0.01855806',
  'time': 1624892697672},
 {'id': 152276405,
  'isBestMatch': True,
  'isBuyerMaker': False,
  'price': '0.00847400',
  'qty': '5.70000000',
  'quoteQty': '0.04830180',
  'time': 1624892697672},
 {'id': 152276406,
  'isBestMatch': True,
  'isBuyerMaker': False,
  'price': '0.00847500',
  'qty': '0.24000000',
  'quoteQty': '0.00203400',
  'time': 1624892697672},
 {'id': 152276407,
  'isBestMatch': True,
  'isBuyerMaker': False,
  'price': '0.00847500',
  'qty': '0.24000000',
  'quoteQty': '0.00203400',
  'time': 1624892697672},
 {'id': 152276408,
  'isBestMatch': True,
  'isBuyerMaker': False,
  'price': '0.00847500',
  'qty': '0.04000000',
  'quoteQty': '0.00033900',
  'time': 1624892697672},
 {'id': 152276409,
  'isBestMatch': True,
  'isBuyerMaker': False,
  'price': '0.00847500',
  'qty': '0.04000000',
  'quoteQty': '0.00033900',
  'time': 1624892697672},
 {'id': 152276410,
  'isBestMatch': True,
  'isBuyerMaker': False,
  'price': '0.00847500',
  'qty': '0.04000000',
  'quoteQty': '0.00033900',
  'time': 1624892697672},
 {'id': 152276411,
  'isBestMatch': True,
  'isBuyerMaker': False,
  'price': '0.00847500',
  'qty': '0.04000000',
  'quoteQty': '0.00033900',
  'time': 1624892697672},
 {'id': 152276412,
  'isBestMatch': True,
  'isBuyerMaker': False,
  'price': '0.00847500',
  'qty': '0.04000000',
  'quoteQty': '0.00033900',
  'time': 1624892697672},
 {'id': 152276413,
  'isBestMatch': True,
  'isBuyerMaker': False,
  'price': '0.00847500',
  'qty': '0.04000000',
  'quoteQty': '0.00033900',
  'time': 1624892697672},
 {'id': 152276414,
  'isBestMatch': True,
  'isBuyerMaker': False,
  'price': '0.00847500',
  'qty': '0.04000000',
  'quoteQty': '0.00033900',
  'time': 1624892697672},
 {'id': 152276415,
  'isBestMatch': True,
  'isBuyerMaker': False,
  'price': '0.00847500',
  'qty': '0.04000000',
  'quoteQty': '0.00033900',
  'time': 1624892697672},
 {'id': 152276416,
  'isBestMatch': True,
  'isBuyerMaker': False,
  'price': '0.00847500',
  'qty': '0.04000000',
  'quoteQty': '0.00033900',
  'time': 1624892697672},
 {'id': 152276417,
  'isBestMatch': True,
  'isBuyerMaker': False,
  'price': '0.00847500',
  'qty': '0.04000000',
  'quoteQty': '0.00033900',
  'time': 1624892697672},
 {'id': 152276418,
  'isBestMatch': True,
  'isBuyerMaker': False,
  'price': '0.00847500',
  'qty': '0.04000000',
  'quoteQty': '0.00033900',
  'time': 1624892697672},
 {'id': 152276419,
  'isBestMatch': True,
  'isBuyerMaker': False,
  'price': '0.00847500',
  'qty': '0.04000000',
  'quoteQty': '0.00033900',
  'time': 1624892697672},
 {'id': 152276420,
  'isBestMatch': True,
  'isBuyerMaker': False,
  'price': '0.00847500',
  'qty': '0.04000000',
  'quoteQty': '0.00033900',
  'time': 1624892697672},
 {'id': 152276421,
  'isBestMatch': True,
  'isBuyerMaker': False,
  'price': '0.00847500',
  'qty': '0.04000000',
  'quoteQty': '0.00033900',
  'time': 1624892697672},
 {'id': 152276422,
  'isBestMatch': True,
  'isBuyerMaker': False,
  'price': '0.00847500',
  'qty': '0.04000000',
  'quoteQty': '0.00033900',
  'time': 1624892697672},
 {'id': 152276423,
  'isBestMatch': True,
  'isBuyerMaker': False,
  'price': '0.00847500',
  'qty': '0.04000000',
  'quoteQty': '0.00033900',
  'time': 1624892697672},
 {'id': 152276424,
  'isBestMatch': True,
  'isBuyerMaker': False,
  'price': '0.00847500',
  'qty': '0.04000000',
  'quoteQty': '0.00033900',
  'time': 1624892697672},
 {'id': 152276425,
  'isBestMatch': True,
  'isBuyerMaker': False,
  'price': '0.00847500',
  'qty': '0.04000000',
  'quoteQty': '0.00033900',
  'time': 1624892697672},
 {'id': 152276426,
  'isBestMatch': True,
  'isBuyerMaker': False,
  'price': '0.00847500',
  'qty': '0.04000000',
  'quoteQty': '0.00033900',
  'time': 1624892697672},
 {'id': 152276427,
  'isBestMatch': True,
  'isBuyerMaker': False,
  'price': '0.00847500',
  'qty': '0.12000000',
  'quoteQty': '0.00101700',
  'time': 1624892697672},
 {'id': 152276428,
  'isBestMatch': True,
  'isBuyerMaker': False,
  'price': '0.00847500',
  'qty': '0.28000000',
  'quoteQty': '0.00237300',
  'time': 1624892697672},
 {'id': 152276429,
  'isBestMatch': True,
  'isBuyerMaker': False,
  'price': '0.00847500',
  'qty': '0.07000000',
  'quoteQty': '0.00059325',
  'time': 1624892697672},
 {'id': 152276430,
  'isBestMatch': True,
  'isBuyerMaker': False,
  'price': '0.00847500',
  'qty': '1.00000000',
  'quoteQty': '0.00847500',
  'time': 1624892697672},
 {'id': 152276431,
  'isBestMatch': True,
  'isBuyerMaker': False,
  'price': '0.00847500',
  'qty': '0.05000000',
  'quoteQty': '0.00042375',
  'time': 1624892697672},
 {'id': 152276432,
  'isBestMatch': True,
  'isBuyerMaker': False,
  'price': '0.00847500',
  'qty': '0.04000000',
  'quoteQty': '0.00033900',
  'time': 1624892697672},
 {'id': 152276433,
  'isBestMatch': True,
  'isBuyerMaker': False,
  'price': '0.00847500',
  'qty': '0.84000000',
  'quoteQty': '0.00711900',
  'time': 1624892697672},
 {'id': 152276434,
  'isBestMatch': True,
  'isBuyerMaker': False,
  'price': '0.00847500',
  'qty': '8.97000000',
  'quoteQty': '0.07602075',
  'time': 1624892697672},
 {'id': 152276435,
  'isBestMatch': True,
  'isBuyerMaker': False,
  'price': '0.00847500',
  'qty': '11.48000000',
  'quoteQty': '0.09729300',
  'time': 1624892697672},
 {'id': 152276436,
  'isBestMatch': True,
  'isBuyerMaker': False,
  'price': '0.00847500',
  'qty': '4.30000000',
  'quoteQty': '0.03644250',
  'time': 1624892697672},
 {'id': 152276437,
  'isBestMatch': True,
  'isBuyerMaker': True,
  'price': '0.00847000',
  'qty': '0.60000000',
  'quoteQty': '0.00508200',
  'time': 1624892697891},
 {'id': 152276438,
  'isBestMatch': True,
  'isBuyerMaker': False,
  'price': '0.00847400',
  'qty': '6.87000000',
  'quoteQty': '0.05821638',
  'time': 1624892698174},
 {'id': 152276439,
  'isBestMatch': True,
  'isBuyerMaker': False,
  'price': '0.00847400',
  'qty': '6.87000000',
  'quoteQty': '0.05821638',
  'time': 1624892698674},
 {'id': 152276440,
  'isBestMatch': True,
  'isBuyerMaker': False,
  'price': '0.00847500',
  'qty': '5.70000000',
  'quoteQty': '0.04830750',
  'time': 1624892699179},
 {'id': 152276441,
  'isBestMatch': True,
  'isBuyerMaker': True,
  'price': '0.00847200',
  'qty': '0.40000000',
  'quoteQty': '0.00338880',
  'time': 1624892699537},
 {'id': 152276442,
  'isBestMatch': True,
  'isBuyerMaker': True,
  'price': '0.00847200',
  'qty': '2.29000000',
  'quoteQty': '0.01940088',
  'time': 1624892699555},
 {'id': 152276443,
  'isBestMatch': True,
  'isBuyerMaker': False,
  'price': '0.00847600',
  'qty': '0.24000000',
  'quoteQty': '0.00203424',
  'time': 1624892699677},
 {'id': 152276444,
  'isBestMatch': True,
  'isBuyerMaker': False,
  'price': '0.00847600',
  'qty': '0.24000000',
  'quoteQty': '0.00203424',
  'time': 1624892699677},
 {'id': 152276445,
  'isBestMatch': True,
  'isBuyerMaker': False,
  'price': '0.00847600',
  'qty': '0.04000000',
  'quoteQty': '0.00033904',
  'time': 1624892699677},
 {'id': 152276446,
  'isBestMatch': True,
  'isBuyerMaker': False,
  'price': '0.00847600',
  'qty': '0.12000000',
  'quoteQty': '0.00101712',
  'time': 1624892699677},
 {'id': 152276447,
  'isBestMatch': True,
  'isBuyerMaker': False,
  'price': '0.00847600',
  'qty': '0.04000000',
  'quoteQty': '0.00033904',
  'time': 1624892699677},
 {'id': 152276448,
  'isBestMatch': True,
  'isBuyerMaker': False,
  'price': '0.00847600',
  'qty': '0.02000000',
  'quoteQty': '0.00016952',
  'time': 1624892699677},
 {'id': 152276449,
  'isBestMatch': True,
  'isBuyerMaker': False,
  'price': '0.00847600',
  'qty': '0.02000000',
  'quoteQty': '0.00016952',
  'time': 1624892699677},
 {'id': 152276450,
  'isBestMatch': True,
  'isBuyerMaker': False,
  'price': '0.00847600',
  'qty': '5.70000000',
  'quoteQty': '0.04831320',
  'time': 1624892699677},
 {'id': 152276451,
  'isBestMatch': True,
  'isBuyerMaker': False,
  'price': '0.00847600',
  'qty': '0.78000000',
  'quoteQty': '0.00661128',
  'time': 1624892699677},
 {'id': 152276452,
  'isBestMatch': True,
  'isBuyerMaker': True,
  'price': '0.00847400',
  'qty': '2.22000000',
  'quoteQty': '0.01881228',
  'time': 1624892700077},
 {'id': 152276453,
  'isBestMatch': True,
  'isBuyerMaker': True,
  'price': '0.00847400',
  'qty': '0.67000000',
  'quoteQty': '0.00567758',
  'time': 1624892700077},
 {'id': 152276454,
  'isBestMatch': True,
  'isBuyerMaker': True,
  'price': '0.00847400',
  'qty': '2.22000000',
  'quoteQty': '0.01881228',
  'time': 1624892700083},
 {'id': 152276455,
  'isBestMatch': True,
  'isBuyerMaker': True,
  'price': '0.00847400',
  'qty': '3.48000000',
  'quoteQty': '0.02948952',
  'time': 1624892700083},
 {'id': 152276456,
  'isBestMatch': True,
  'isBuyerMaker': False,
  'price': '0.00847600',
  'qty': '2.40000000',
  'quoteQty': '0.02034240',
  'time': 1624892700177},
 {'id': 152276457,
  'isBestMatch': True,
  'isBuyerMaker': False,
  'price': '0.00847600',
  'qty': '5.70000000',
  'quoteQty': '0.04831320',
  'time': 1624892700177},
 {'id': 152276458,
  'isBestMatch': True,
  'isBuyerMaker': False,
  'price': '0.00847600',
  'qty': '0.05000000',
  'quoteQty': '0.00042380',
  'time': 1624892700248},
 {'id': 152276459,
  'isBestMatch': True,
  'isBuyerMaker': True,
  'price': '0.00847300',
  'qty': '1.00000000',
  'quoteQty': '0.00847300',
  'time': 1624892700446},
 {'id': 152276460,
  'isBestMatch': True,
  'isBuyerMaker': False,
  'price': '0.00847600',
  'qty': '2.78000000',
  'quoteQty': '0.02356328',
  'time': 1624892700804},
 {'id': 152276461,
  'isBestMatch': True,
  'isBuyerMaker': False,
  'price': '0.00847600',
  'qty': '0.78000000',
  'quoteQty': '0.00661128',
  'time': 1624892701313},
 {'id': 152276462,
  'isBestMatch': True,
  'isBuyerMaker': False,
  'price': '0.00847700',
  'qty': '0.06000000',
  'quoteQty': '0.00050862',
  'time': 1624892701313},
 {'id': 152276463,
  'isBestMatch': True,
  'isBuyerMaker': False,
  'price': '0.00847700',
  'qty': '0.58000000',
  'quoteQty': '0.00491666',
  'time': 1624892701313},
 {'id': 152276464,
  'isBestMatch': True,
  'isBuyerMaker': False,
  'price': '0.00847700',
  'qty': '0.04000000',
  'quoteQty': '0.00033908',
  'time': 1624892701313},
 {'id': 152276465,
  'isBestMatch': True,
  'isBuyerMaker': False,
  'price': '0.00847700',
  'qty': '0.04000000',
  'quoteQty': '0.00033908',
  'time': 1624892701313},
 {'id': 152276466,
  'isBestMatch': True,
  'isBuyerMaker': False,
  'price': '0.00847700',
  'qty': '0.02000000',
  'quoteQty': '0.00016954',
  'time': 1624892701313},
 {'id': 152276467,
  'isBestMatch': True,
  'isBuyerMaker': False,
  'price': '0.00847700',
  'qty': '0.17000000',
  'quoteQty': '0.00144109',
  'time': 1624892701313},
 {'id': 152276468,
  'isBestMatch': True,
  'isBuyerMaker': False,
  'price': '0.00847700',
  'qty': '8.85000000',
  'quoteQty': '0.07502145',
  'time': 1624892701313},
 {'id': 152276469,
  'isBestMatch': True,
  'isBuyerMaker': False,
  'price': '0.00847800',
  'qty': '0.24000000',
  'quoteQty': '0.00203472',
  'time': 1624892701313},
 {'id': 152276470,
  'isBestMatch': True,
  'isBuyerMaker': False,
  'price': '0.00847800',
  'qty': '2.10000000',
  'quoteQty': '0.01780380',
  'time': 1624892701313},
 {'id': 152276471,
  'isBestMatch': True,
  'isBuyerMaker': False,
  'price': '0.00847800',
  'qty': '0.05000000',
  'quoteQty': '0.00042390',
  'time': 1624892701313},
 {'id': 152276472,
  'isBestMatch': True,
  'isBuyerMaker': False,
  'price': '0.00847800',
  'qty': '0.06000000',
  'quoteQty': '0.00050868',
  'time': 1624892701313},
 {'id': 152276473,
  'isBestMatch': True,
  'isBuyerMaker': False,
  'price': '0.00847800',
  'qty': '0.10000000',
  'quoteQty': '0.00084780',
  'time': 1624892701313},
 {'id': 152276474,
  'isBestMatch': True,
  'isBuyerMaker': False,
  'price': '0.00847800',
  'qty': '2.61000000',
  'quoteQty': '0.02212758',
  'time': 1624892701313},
 {'id': 152276475,
  'isBestMatch': True,
  'isBuyerMaker': False,
  'price': '0.00847800',
  'qty': '29.77000000',
  'quoteQty': '0.25239006',
  'time': 1624892701313},
 {'id': 152276476,
  'isBestMatch': True,
  'isBuyerMaker': True,
  'price': '0.00847400',
  'qty': '0.02000000',
  'quoteQty': '0.00016948',
  'time': 1624892701609},
 {'id': 152276477,
  'isBestMatch': True,
  'isBuyerMaker': False,
  'price': '0.00847800',
  'qty': '45.47000000',
  'quoteQty': '0.38549466',
  'time': 1624892701813},
 {'id': 152276478,
  'isBestMatch': True,
  'isBuyerMaker': True,
  'price': '0.00847600',
  'qty': '0.15000000',
  'quoteQty': '0.00127140',
  'time': 1624892701838},
 {'id': 152276479,
  'isBestMatch': True,
  'isBuyerMaker': True,
  'price': '0.00847700',
  'qty': '2.61000000',
  'quoteQty': '0.02212497',
  'time': 1624892702206},
 {'id': 152276480,
  'isBestMatch': True,
  'isBuyerMaker': True,
  'price': '0.00847600',
  'qty': '5.55000000',
  'quoteQty': '0.04704180',
  'time': 1624892702206},
 {'id': 152276481,
  'isBestMatch': True,
  'isBuyerMaker': True,
  'price': '0.00847400',
  'qty': '0.12000000',
  'quoteQty': '0.00101688',
  'time': 1624892702206},
 {'id': 152276482,
  'isBestMatch': True,
  'isBuyerMaker': True,
  'price': '0.00847400',
  'qty': '6.00000000',
  'quoteQty': '0.05084400',
  'time': 1624892702206},
 {'id': 152276483,
  'isBestMatch': True,
  'isBuyerMaker': True,
  'price': '0.00847300',
  'qty': '0.15000000',
  'quoteQty': '0.00127095',
  'time': 1624892702206},
 {'id': 152276484,
  'isBestMatch': True,
  'isBuyerMaker': True,
  'price': '0.00847200',
  'qty': '0.83000000',
  'quoteQty': '0.00703176',
  'time': 1624892702206},
 {'id': 152276485,
  'isBestMatch': True,
  'isBuyerMaker': True,
  'price': '0.00847200',
  'qty': '9.84000000',
  'quoteQty': '0.08336448',
  'time': 1624892702206},
 {'id': 152276486,
  'isBestMatch': True,
  'isBuyerMaker': True,
  'price': '0.00847600',
  'qty': '0.04000000',
  'quoteQty': '0.00033904',
  'time': 1624892702343},
 {'id': 152276487,
  'isBestMatch': True,
  'isBuyerMaker': True,
  'price': '0.00847600',
  'qty': '0.02000000',
  'quoteQty': '0.00016952',
  'time': 1624892702365},
 {'id': 152276488,
  'isBestMatch': True,
  'isBuyerMaker': True,
  'price': '0.00847400',
  'qty': '0.02000000',
  'quoteQty': '0.00016948',
  'time': 1624892703032},
 {'id': 152276489,
  'isBestMatch': True,
  'isBuyerMaker': True,
  'price': '0.00847400',
  'qty': '0.02000000',
  'quoteQty': '0.00016948',
  'time': 1624892703266},
 {'id': 152276490,
  'isBestMatch': True,
  'isBuyerMaker': True,
  'price': '0.00847400',
  'qty': '0.02000000',
  'quoteQty': '0.00016948',
  'time': 1624892703275},
 {'id': 152276491,
  'isBestMatch': True,
  'isBuyerMaker': True,
  'price': '0.00847400',
  'qty': '0.02000000',
  'quoteQty': '0.00016948',
  'time': 1624892703440},
 {'id': 152276492,
  'isBestMatch': True,
  'isBuyerMaker': True,
  'price': '0.00847400',
  'qty': '0.02000000',
  'quoteQty': '0.00016948',
  'time': 1624892703591},
 {'id': 152276493,
  'isBestMatch': True,
  'isBuyerMaker': False,
  'price': '0.00847500',
  'qty': '0.03000000',
  'quoteQty': '0.00025425',
  'time': 1624892704507},
 {'id': 152276494,
  'isBestMatch': True,
  'isBuyerMaker': True,
  'price': '0.00847400',
  'qty': '0.28000000',
  'quoteQty': '0.00237272',
  'time': 1624892705100},
 {'id': 152276495,
  'isBestMatch': True,
  'isBuyerMaker': True,
  'price': '0.00847400',
  'qty': '2.66000000',
  'quoteQty': '0.02254084',
  'time': 1624892705425},
 {'id': 152276496,
  'isBestMatch': True,
  'isBuyerMaker': False,
  'price': '0.00847600',
  'qty': '0.06000000',
  'quoteQty': '0.00050856',
  'time': 1624892706070},
 {'id': 152276497,
  'isBestMatch': True,
  'isBuyerMaker': True,
  'price': '0.00847300',
  'qty': '5.70000000',
  'quoteQty': '0.04829610',
  'time': 1624892708566},
 {'id': 152276498,
  'isBestMatch': True,
  'isBuyerMaker': True,
  'price': '0.00847300',
  'qty': '0.57000000',
  'quoteQty': '0.00482961',
  'time': 1624892708566},
 {'id': 152276499,
  'isBestMatch': True,
  'isBuyerMaker': True,
  'price': '0.00847300',
  'qty': '0.02000000',
  'quoteQty': '0.00016946',
  'time': 1624892710790},
 {'id': 152276500,
  'isBestMatch': True,
  'isBuyerMaker': True,
  'price': '0.00847300',
  'qty': '2.73000000',
  'quoteQty': '0.02313129',
  'time': 1624892711840},
 {'id': 152276501,
  'isBestMatch': True,
  'isBuyerMaker': True,
  'price': '0.00847300',
  'qty': '0.14000000',
  'quoteQty': '0.00118622',
  'time': 1624892711840},
 {'id': 152276502,
  'isBestMatch': True,
  'isBuyerMaker': True,
  'price': '0.00847400',
  'qty': '1.00000000',
  'quoteQty': '0.00847400',
  'time': 1624892714322},
 {'id': 152276503,
  'isBestMatch': True,
  'isBuyerMaker': True,
  'price': '0.00847400',
  'qty': '1.33000000',
  'quoteQty': '0.01127042',
  'time': 1624892714889},
 {'id': 152276504,
  'isBestMatch': True,
  'isBuyerMaker': True,
  'price': '0.00847300',
  'qty': '0.19000000',
  'quoteQty': '0.00160987',
  'time': 1624892715151},
 {'id': 152276505,
  'isBestMatch': True,
  'isBuyerMaker': False,
  'price': '0.00847400',
  'qty': '1.39000000',
  'quoteQty': '0.01177886',
  'time': 1624892715626},
 {'id': 152276506,
  'isBestMatch': True,
  'isBuyerMaker': False,
  'price': '0.00847400',
  'qty': '1.82000000',
  'quoteQty': '0.01542268',
  'time': 1624892715696},
 {'id': 152276507,
  'isBestMatch': True,
  'isBuyerMaker': False,
  'price': '0.00847500',
  'qty': '0.06000000',
  'quoteQty': '0.00050850',
  'time': 1624892715696},
 {'id': 152276508,
  'isBestMatch': True,
  'isBuyerMaker': True,
  'price': '0.00847400',
  'qty': '0.08000000',
  'quoteQty': '0.00067792',
  'time': 1624892715872},
 {'id': 152276509,
  'isBestMatch': True,
  'isBuyerMaker': False,
  'price': '0.00847500',
  'qty': '3.17000000',
  'quoteQty': '0.02686575',
  'time': 1624892715906},
 {'id': 152276510,
  'isBestMatch': True,
  'isBuyerMaker': False,
  'price': '0.00847700',
  'qty': '0.10000000',
  'quoteQty': '0.00084770',
  'time': 1624892718040},
 {'id': 152276511,
  'isBestMatch': True,
  'isBuyerMaker': True,
  'price': '0.00847600',
  'qty': '0.81000000',
  'quoteQty': '0.00686556',
  'time': 1624892718373},
 {'id': 152276512,
  'isBestMatch': True,
  'isBuyerMaker': True,
  'price': '0.00847600',
  'qty': '4.89000000',
  'quoteQty': '0.04144764',
  'time': 1624892718656},
 {'id': 152276513,
  'isBestMatch': True,
  'isBuyerMaker': True,
  'price': '0.00847600',
  'qty': '0.10000000',
  'quoteQty': '0.00084760',
  'time': 1624892718656},
 {'id': 152276514,
  'isBestMatch': True,
  'isBuyerMaker': True,
  'price': '0.00847500',
  'qty': '5.70000000',
  'quoteQty': '0.04830750',
  'time': 1624892718875},
 {'id': 152276515,
  'isBestMatch': True,
  'isBuyerMaker': True,
  'price': '0.00847400',
  'qty': '5.70000000',
  'quoteQty': '0.04830180',
  'time': 1624892719517},
 {'id': 152276516,
  'isBestMatch': True,
  'isBuyerMaker': True,
  'price': '0.00847300',
  'qty': '0.08000000',
  'quoteQty': '0.00067784',
  'time': 1624892720154},
 {'id': 152276517,
  'isBestMatch': True,
  'isBuyerMaker': True,
  'price': '0.00847300',
  'qty': '5.62000000',
  'quoteQty': '0.04761826',
  'time': 1624892721363},
 {'id': 152276518,
  'isBestMatch': True,
  'isBuyerMaker': True,
  'price': '0.00847300',
  'qty': '53.11000000',
  'quoteQty': '0.45000103',
  'time': 1624892721363},
 {'id': 152276519,
  'isBestMatch': True,
  'isBuyerMaker': True,
  'price': '0.00847100',
  'qty': '0.03000000',
  'quoteQty': '0.00025413',
  'time': 1624892722087},
 {'id': 152276520,
  'isBestMatch': True,
  'isBuyerMaker': True,
  'price': '0.00847100',
  'qty': '0.01000000',
  'quoteQty': '0.00008471',
  'time': 1624892722100},
 {'id': 152276521,
  'isBestMatch': True,
  'isBuyerMaker': True,
  'price': '0.00847100',
  'qty': '0.54000000',
  'quoteQty': '0.00457434',
  'time': 1624892722100},
 {'id': 152276522,
  'isBestMatch': True,
  'isBuyerMaker': False,
  'price': '0.00847400',
  'qty': '3.13000000',
  'quoteQty': '0.02652362',
  'time': 1624892722300},
 {'id': 152276523,
  'isBestMatch': True,
  'isBuyerMaker': True,
  'price': '0.00847200',
  'qty': '0.98000000',
  'quoteQty': '0.00830256',
  'time': 1624892724440},
 {'id': 152276524,
  'isBestMatch': True,
  'isBuyerMaker': False,
  'price': '0.00847400',
  'qty': '0.25000000',
  'quoteQty': '0.00211850',
  'time': 1624892724853},
 {'id': 152276525,
  'isBestMatch': True,
  'isBuyerMaker': False,
  'price': '0.00847500',
  'qty': '0.22000000',
  'quoteQty': '0.00186450',
  'time': 1624892726290},
 {'id': 152276526,
  'isBestMatch': True,
  'isBuyerMaker': True,
  'price': '0.00847000',
  'qty': '0.11000000',
  'quoteQty': '0.00093170',
  'time': 1624892728751},
 {'id': 152276527,
  'isBestMatch': True,
  'isBuyerMaker': True,
  'price': '0.00847000',
  'qty': '0.13000000',
  'quoteQty': '0.00110110',
  'time': 1624892728971},
 {'id': 152276528,
  'isBestMatch': True,
  'isBuyerMaker': True,
  'price': '0.00847000',
  'qty': '0.03000000',
  'quoteQty': '0.00025410',
  'time': 1624892728971},
 {'id': 152276529,
  'isBestMatch': True,
  'isBuyerMaker': True,
  'price': '0.00847000',
  'qty': '0.04000000',
  'quoteQty': '0.00033880',
  'time': 1624892728971},
 {'id': 152276530,
  'isBestMatch': True,
  'isBuyerMaker': True,
  'price': '0.00847000',
  'qty': '0.20000000',
  'quoteQty': '0.00169400',
  'time': 1624892728971},
 {'id': 152276531,
  'isBestMatch': True,
  'isBuyerMaker': True,
  'price': '0.00847100',
  'qty': '1.19000000',
  'quoteQty': '0.01008049',
  'time': 1624892730416},
 {'id': 152276532,
  'isBestMatch': True,
  'isBuyerMaker': False,
  'price': '0.00847300',
  'qty': '0.93000000',
  'quoteQty': '0.00787989',
  'time': 1624892730666},
 {'id': 152276533,
  'isBestMatch': True,
  'isBuyerMaker': True,
  'price': '0.00847000',
  'qty': '6.00000000',
  'quoteQty': '0.05082000',
  'time': 1624892731049},
 {'id': 152276534,
  'isBestMatch': True,
  'isBuyerMaker': True,
  'price': '0.00846900',
  'qty': '0.10000000',
  'quoteQty': '0.00084690',
  'time': 1624892733927},
 {'id': 152276535,
  'isBestMatch': True,
  'isBuyerMaker': True,
  'price': '0.00846900',
  'qty': '0.17000000',
  'quoteQty': '0.00143973',
  'time': 1624892734488},
 {'id': 152276536,
  'isBestMatch': True,
  'isBuyerMaker': True,
  'price': '0.00846900',
  'qty': '5.73000000',
  'quoteQty': '0.04852737',
  'time': 1624892734727},
 {'id': 152276537,
  'isBestMatch': True,
  'isBuyerMaker': True,
  'price': '0.00846900',
  'qty': '6.00000000',
  'quoteQty': '0.05081400',
  'time': 1624892734989},
 {'id': 152276538,
  'isBestMatch': True,
  'isBuyerMaker': True,
  'price': '0.00846900',
  'qty': '0.24000000',
  'quoteQty': '0.00203256',
  'time': 1624892735429},
 {'id': 152276539,
  'isBestMatch': True,
  'isBuyerMaker': True,
  'price': '0.00846900',
  'qty': '0.21000000',
  'quoteQty': '0.00177849',
  'time': 1624892735553},
 {'id': 152276540,
  'isBestMatch': True,
  'isBuyerMaker': True,
  'price': '0.00846900',
  'qty': '5.55000000',
  'quoteQty': '0.04700295',
  'time': 1624892735676},
 {'id': 152276541,
  'isBestMatch': True,
  'isBuyerMaker': True,
  'price': '0.00846800',
  'qty': '0.24000000',
  'quoteQty': '0.00203232',
  'time': 1624892735948},
 {'id': 152276542,
  'isBestMatch': True,
  'isBuyerMaker': True,
  'price': '0.00846800',
  'qty': '0.24000000',
  'quoteQty': '0.00203232',
  'time': 1624892735948},
 {'id': 152276543,
  'isBestMatch': True,
  'isBuyerMaker': True,
  'price': '0.00846800',
  'qty': '6.00000000',
  'quoteQty': '0.05080800',
  'time': 1624892735948},
 {'id': 152276544,
  'isBestMatch': True,
  'isBuyerMaker': True,
  'price': '0.00846800',
  'qty': '6.00000000',
  'quoteQty': '0.05080800',
  'time': 1624892736290},
 {'id': 152276545,
  'isBestMatch': True,
  'isBuyerMaker': False,
  'price': '0.00847000',
  'qty': '0.03000000',
  'quoteQty': '0.00025410',
  'time': 1624892736309},
 {'id': 152276546,
  'isBestMatch': True,
  'isBuyerMaker': True,
  'price': '0.00846800',
  'qty': '6.00000000',
  'quoteQty': '0.05080800',
  'time': 1624892736550},
 {'id': 152276547,
  'isBestMatch': True,
  'isBuyerMaker': True,
  'price': '0.00846700',
  'qty': '0.24000000',
  'quoteQty': '0.00203208',
  'time': 1624892736812},
 {'id': 152276548,
  'isBestMatch': True,
  'isBuyerMaker': True,
  'price': '0.00846700',
  'qty': '0.24000000',
  'quoteQty': '0.00203208',
  'time': 1624892736812},
 {'id': 152276549,
  'isBestMatch': True,
  'isBuyerMaker': True,
  'price': '0.00846700',
  'qty': '8.60000000',
  'quoteQty': '0.07281620',
  'time': 1624892736812},
 {'id': 152276550,
  'isBestMatch': True,
  'isBuyerMaker': True,
  'price': '0.00846700',
  'qty': '0.34000000',
  'quoteQty': '0.00287878',
  'time': 1624892738946},
 {'id': 152276551,
  'isBestMatch': True,
  'isBuyerMaker': True,
  'price': '0.00846600',
  'qty': '0.04000000',
  'quoteQty': '0.00033864',
  'time': 1624892739215},
 {'id': 152276552,
  'isBestMatch': True,
  'isBuyerMaker': True,
  'price': '0.00846600',
  'qty': '0.12000000',
  'quoteQty': '0.00101592',
  'time': 1624892739275},
 {'id': 152276553,
  'isBestMatch': True,
  'isBuyerMaker': True,
  'price': '0.00846600',
  'qty': '0.12000000',
  'quoteQty': '0.00101592',
  'time': 1624892739363},
 {'id': 152276554,
  'isBestMatch': True,
  'isBuyerMaker': True,
  'price': '0.00846600',
  'qty': '0.24000000',
  'quoteQty': '0.00203184',
  'time': 1624892740122},
 {'id': 152276555,
  'isBestMatch': True,
  'isBuyerMaker': True,
  'price': '0.00846600',
  'qty': '4.08000000',
  'quoteQty': '0.03454128',
  'time': 1624892740122},
 {'id': 152276556,
  'isBestMatch': True,
  'isBuyerMaker': True,
  'price': '0.00846500',
  'qty': '0.84000000',
  'quoteQty': '0.00711060',
  'time': 1624892740179},
 {'id': 152276557,
  'isBestMatch': True,
  'isBuyerMaker': True,
  'price': '0.00846500',
  'qty': '1.50000000',
  'quoteQty': '0.01269750',
  'time': 1624892740179},
 {'id': 152276558,
  'isBestMatch': True,
  'isBuyerMaker': True,
  'price': '0.00846500',
  'qty': '3.05000000',
  'quoteQty': '0.02581825',
  'time': 1624892740179},
 {'id': 152276559,
  'isBestMatch': True,
  'isBuyerMaker': True,
  'price': '0.00846500',
  'qty': '0.04000000',
  'quoteQty': '0.00033860',
  'time': 1624892740179},
 {'id': 152276560,
  'isBestMatch': True,
  'isBuyerMaker': True,
  'price': '0.00846500',
  'qty': '0.04000000',
  'quoteQty': '0.00033860',
  'time': 1624892740179},
 {'id': 152276561,
  'isBestMatch': True,
  'isBuyerMaker': True,
  'price': '0.00846500',
  'qty': '0.04000000',
  'quoteQty': '0.00033860',
  'time': 1624892740179},
 {'id': 152276562,
  'isBestMatch': True,
  'isBuyerMaker': True,
  'price': '0.00846500',
  'qty': '0.04000000',
  'quoteQty': '0.00033860',
  'time': 1624892740179},
 {'id': 152276563,
  'isBestMatch': True,
  'isBuyerMaker': True,
  'price': '0.00846500',
  'qty': '0.04000000',
  'quoteQty': '0.00033860',
  'time': 1624892740179},
 {'id': 152276564,
  'isBestMatch': True,
  'isBuyerMaker': True,
  'price': '0.00846500',
  'qty': '0.04000000',
  'quoteQty': '0.00033860',
  'time': 1624892740179},
 {'id': 152276565,
  'isBestMatch': True,
  'isBuyerMaker': True,
  'price': '0.00846500',
  'qty': '0.04000000',
  'quoteQty': '0.00033860',
  'time': 1624892740179},
 {'id': 152276566,
  'isBestMatch': True,
  'isBuyerMaker': True,
  'price': '0.00846500',
  'qty': '0.04000000',
  'quoteQty': '0.00033860',
  'time': 1624892740179},
 {'id': 152276567,
  'isBestMatch': True,
  'isBuyerMaker': True,
  'price': '0.00846500',
  'qty': '0.04000000',
  'quoteQty': '0.00033860',
  'time': 1624892740179},
 {'id': 152276568,
  'isBestMatch': True,
  'isBuyerMaker': True,
  'price': '0.00846500',
  'qty': '0.04000000',
  'quoteQty': '0.00033860',
  'time': 1624892740179},
 {'id': 152276569,
  'isBestMatch': True,
  'isBuyerMaker': True,
  'price': '0.00846500',
  'qty': '0.04000000',
  'quoteQty': '0.00033860',
  'time': 1624892740179},
 {'id': 152276570,
  'isBestMatch': True,
  'isBuyerMaker': True,
  'price': '0.00846500',
  'qty': '0.04000000',
  'quoteQty': '0.00033860',
  'time': 1624892740179},
 {'id': 152276571,
  'isBestMatch': True,
  'isBuyerMaker': True,
  'price': '0.00846500',
  'qty': '0.04000000',
  'quoteQty': '0.00033860',
  'time': 1624892740179},
 {'id': 152276572,
  'isBestMatch': True,
  'isBuyerMaker': True,
  'price': '0.00846500',
  'qty': '0.04000000',
  'quoteQty': '0.00033860',
  'time': 1624892740179},
 {'id': 152276573,
  'isBestMatch': True,
  'isBuyerMaker': True,
  'price': '0.00846500',
  'qty': '0.04000000',
  'quoteQty': '0.00033860',
  'time': 1624892740179},
 {'id': 152276574,
  'isBestMatch': True,
  'isBuyerMaker': True,
  'price': '0.00846500',
  'qty': '0.04000000',
  'quoteQty': '0.00033860',
  'time': 1624892740179},
 {'id': 152276575,
  'isBestMatch': True,
  'isBuyerMaker': True,
  'price': '0.00846500',
  'qty': '0.04000000',
  'quoteQty': '0.00033860',
  'time': 1624892740179},
 {'id': 152276576,
  'isBestMatch': True,
  'isBuyerMaker': True,
  'price': '0.00846500',
  'qty': '0.04000000',
  'quoteQty': '0.00033860',
  'time': 1624892740179},
 {'id': 152276577,
  'isBestMatch': True,
  'isBuyerMaker': True,
  'price': '0.00846500',
  'qty': '0.04000000',
  'quoteQty': '0.00033860',
  'time': 1624892740179},
 {'id': 152276578,
  'isBestMatch': True,
  'isBuyerMaker': True,
  'price': '0.00846400',
  'qty': '0.03000000',
  'quoteQty': '0.00025392',
  'time': 1624892740179},
 {'id': 152276579,
  'isBestMatch': True,
  'isBuyerMaker': True,
  'price': '0.00846400',
  'qty': '0.02000000',
  'quoteQty': '0.00016928',
  'time': 1624892740179},
 {'id': 152276580,
  'isBestMatch': True,
  'isBuyerMaker': True,
  'price': '0.00846400',
  'qty': '0.02000000',
  'quoteQty': '0.00016928',
  'time': 1624892740179},
 {'id': 152276581,
  'isBestMatch': True,
  'isBuyerMaker': True,
  'price': '0.00846400',
  'qty': '0.07000000',
  'quoteQty': '0.00059248',
  'time': 1624892740179},
 {'id': 152276582,
  'isBestMatch': True,
  'isBuyerMaker': True,
  'price': '0.00846500',
  'qty': '7.81000000',
  'quoteQty': '0.06611165',
  'time': 1624892740328},
 {'id': 152276583,
  'isBestMatch': True,
  'isBuyerMaker': True,
  'price': '0.00846400',
  'qty': '4.34000000',
  'quoteQty': '0.03673376',
  'time': 1624892740328},
 {'id': 152276584,
  'isBestMatch': True,
  'isBuyerMaker': True,
  'price': '0.00846400',
  'qty': '3.01000000',
  'quoteQty': '0.02547664',
  'time': 1624892740328},
 {'id': 152276585,
  'isBestMatch': True,
  'isBuyerMaker': False,
  'price': '0.00846700',
  'qty': '0.02000000',
  'quoteQty': '0.00016934',
  'time': 1624892740372},
 {'id': 152276586,
  'isBestMatch': True,
  'isBuyerMaker': True,
  'price': '0.00846400',
  'qty': '3.73000000',
  'quoteQty': '0.03157072',
  'time': 1624892740659},
 {'id': 152276587,
  'isBestMatch': True,
  'isBuyerMaker': True,
  'price': '0.00846400',
  'qty': '0.39000000',
  'quoteQty': '0.00330096',
  'time': 1624892741495},
 {'id': 152276588,
  'isBestMatch': True,
  'isBuyerMaker': True,
  'price': '0.00846400',
  'qty': '4.09000000',
  'quoteQty': '0.03461776',
  'time': 1624892741542},
 {'id': 152276589,
  'isBestMatch': True,
  'isBuyerMaker': False,
  'price': '0.00846600',
  'qty': '2.54000000',
  'quoteQty': '0.02150364',
  'time': 1624892742928},
 {'id': 152276590,
  'isBestMatch': True,
  'isBuyerMaker': False,
  'price': '0.00846500',
  'qty': '0.39000000',
  'quoteQty': '0.00330135',
  'time': 1624892743924},
 {'id': 152276591,
  'isBestMatch': True,
  'isBuyerMaker': True,
  'price': '0.00846400',
  'qty': '14.98000000',
  'quoteQty': '0.12679072',
  'time': 1624892744019},
 {'id': 152276592,
  'isBestMatch': True,
  'isBuyerMaker': True,
  'price': '0.00846300',
  'qty': '0.20000000',
  'quoteQty': '0.00169260',
  'time': 1624892744027},
 {'id': 152276593,
  'isBestMatch': True,
  'isBuyerMaker': True,
  'price': '0.00846300',
  'qty': '5.11000000',
  'quoteQty': '0.04324593',
  'time': 1624892744027},
 {'id': 152276594,
  'isBestMatch': True,
  'isBuyerMaker': True,
  'price': '0.00846300',
  'qty': '2.21000000',
  'quoteQty': '0.01870323',
  'time': 1624892744027},
 {'id': 152276595,
  'isBestMatch': True,
  'isBuyerMaker': True,
  'price': '0.00846200',
  'qty': '0.24000000',
  'quoteQty': '0.00203088',
  'time': 1624892746172},
 {'id': 152276596,
  'isBestMatch': True,
  'isBuyerMaker': True,
  'price': '0.00846200',
  'qty': '0.17000000',
  'quoteQty': '0.00143854',
  'time': 1624892746172},
 {'id': 152276597,
  'isBestMatch': True,
  'isBuyerMaker': True,
  'price': '0.00846200',
  'qty': '0.04000000',
  'quoteQty': '0.00033848',
  'time': 1624892746172},
 {'id': 152276598,
  'isBestMatch': True,
  'isBuyerMaker': True,
  'price': '0.00846200',
  'qty': '0.04000000',
  'quoteQty': '0.00033848',
  'time': 1624892746172},
 {'id': 152276599,
  'isBestMatch': True,
  'isBuyerMaker': True,
  'price': '0.00846200',
  'qty': '0.05000000',
  'quoteQty': '0.00042310',
  'time': 1624892746172},
 {'id': 152276600,
  'isBestMatch': True,
  'isBuyerMaker': True,
  'price': '0.00846200',
  'qty': '0.06000000',
  'quoteQty': '0.00050772',
  'time': 1624892746172},
 {'id': 152276601,
  'isBestMatch': True,
  'isBuyerMaker': True,
  'price': '0.00846200',
  'qty': '0.04000000',
  'quoteQty': '0.00033848',
  'time': 1624892746172},
 {'id': 152276602,
  'isBestMatch': True,
  'isBuyerMaker': True,
  'price': '0.00846200',
  'qty': '0.04000000',
  'quoteQty': '0.00033848',
  'time': 1624892746172},
 {'id': 152276603,
  'isBestMatch': True,
  'isBuyerMaker': True,
  'price': '0.00846200',
  'qty': '0.04000000',
  'quoteQty': '0.00033848',
  'time': 1624892746172},
 {'id': 152276604,
  'isBestMatch': True,
  'isBuyerMaker': True,
  'price': '0.00846200',
  'qty': '0.06000000',
  'quoteQty': '0.00050772',
  'time': 1624892746172},
 {'id': 152276605,
  'isBestMatch': True,
  'isBuyerMaker': True,
  'price': '0.00846200',
  'qty': '0.06000000',
  'quoteQty': '0.00050772',
  'time': 1624892746172},
 {'id': 152276606,
  'isBestMatch': True,
  'isBuyerMaker': True,
  'price': '0.00846200',
  'qty': '0.05000000',
  'quoteQty': '0.00042310',
  'time': 1624892746172},
 {'id': 152276607,
  'isBestMatch': True,
  'isBuyerMaker': False,
  'price': '0.00846300',
  'qty': '0.38000000',
  'quoteQty': '0.00321594',
  'time': 1624892747533},
 {'id': 152276608,
  'isBestMatch': True,
  'isBuyerMaker': True,
  'price': '0.00846100',
  'qty': '0.06000000',
  'quoteQty': '0.00050766',
  'time': 1624892747575},
 {'id': 152276609,
  'isBestMatch': True,
  'isBuyerMaker': True,
  'price': '0.00846100',
  'qty': '0.06000000',
  'quoteQty': '0.00050766',
  'time': 1624892747575},
 {'id': 152276610,
  'isBestMatch': True,
  'isBuyerMaker': True,
  'price': '0.00846100',
  'qty': '0.02000000',
  'quoteQty': '0.00016922',
  'time': 1624892747575},
 {'id': 152276611,
  'isBestMatch': True,
  'isBuyerMaker': True,
  'price': '0.00846000',
  'qty': '0.24000000',
  'quoteQty': '0.00203040',
  'time': 1624892747575},
 {'id': 152276612,
  'isBestMatch': True,
  'isBuyerMaker': True,
  'price': '0.00846000',
  'qty': '0.24000000',
  'quoteQty': '0.00203040',
  'time': 1624892747575},
 {'id': 152276613,
  'isBestMatch': True,
  'isBuyerMaker': True,
  'price': '0.00846000',
  'qty': '0.24000000',
  'quoteQty': '0.00203040',
  'time': 1624892747575},
 {'id': 152276614,
  'isBestMatch': True,
  'isBuyerMaker': True,
  'price': '0.00846000',
  'qty': '0.06000000',
  'quoteQty': '0.00050760',
  'time': 1624892747575},
 {'id': 152276615,
  'isBestMatch': True,
  'isBuyerMaker': False,
  'price': '0.00846400',
  'qty': '0.07000000',
  'quoteQty': '0.00059248',
  'time': 1624892747845},
 {'id': 152276616,
  'isBestMatch': True,
  'isBuyerMaker': True,
  'price': '0.00846100',
  'qty': '0.09000000',
  'quoteQty': '0.00076149',
  'time': 1624892748711},
 {'id': 152276617,
  'isBestMatch': True,
  'isBuyerMaker': True,
  'price': '0.00846100',
  'qty': '0.04000000',
  'quoteQty': '0.00033844',
  'time': 1624892748933},
 {'id': 152276618,
  'isBestMatch': True,
  'isBuyerMaker': True,
  'price': '0.00846100',
  'qty': '0.04000000',
  'quoteQty': '0.00033844',
  'time': 1624892749175},
 {'id': 152276619,
  'isBestMatch': True,
  'isBuyerMaker': True,
  'price': '0.00846100',
  'qty': '3.76000000',
  'quoteQty': '0.03181336',
  'time': 1624892749429},
 {'id': 152276620,
  'isBestMatch': True,
  'isBuyerMaker': True,
  'price': '0.00846100',
  'qty': '0.06000000',
  'quoteQty': '0.00050766',
  'time': 1624892749429},
 {'id': 152276621,
  'isBestMatch': True,
  'isBuyerMaker': True,
  'price': '0.00846100',
  'qty': '0.06000000',
  'quoteQty': '0.00050766',
  'time': 1624892749433},
 {'id': 152276622,
  'isBestMatch': True,
  'isBuyerMaker': True,
  'price': '0.00846100',
  'qty': '2.67000000',
  'quoteQty': '0.02259087',
  'time': 1624892749433},
 {'id': 152276623,
  'isBestMatch': True,
  'isBuyerMaker': True,
  'price': '0.00846100',
  'qty': '1.50000000',
  'quoteQty': '0.01269150',
  'time': 1624892749437},
 {'id': 152276624,
  'isBestMatch': True,
  'isBuyerMaker': True,
  'price': '0.00846000',
  'qty': '2.20000000',
  'quoteQty': '0.01861200',
  'time': 1624892749461},
 {'id': 152276625,
  'isBestMatch': True,
  'isBuyerMaker': True,
  'price': '0.00846000',
  'qty': '1.63000000',
  'quoteQty': '0.01378980',
  'time': 1624892749531},
 {'id': 152276626,
  'isBestMatch': True,
  'isBuyerMaker': False,
  'price': '0.00846200',
  'qty': '0.37000000',
  'quoteQty': '0.00313094',
  'time': 1624892749533},
 {'id': 152276627,
  'isBestMatch': True,
  'isBuyerMaker': False,
  'price': '0.00846300',
  'qty': '0.14000000',
  'quoteQty': '0.00118482',
  'time': 1624892749643},
 {'id': 152276628,
  'isBestMatch': True,
  'isBuyerMaker': True,
  'price': '0.00846100',
  'qty': '1.96000000',
  'quoteQty': '0.01658356',
  'time': 1624892750333},
 {'id': 152276629,
  'isBestMatch': True,
  'isBuyerMaker': True,
  'price': '0.00846100',
  'qty': '1.97000000',
  'quoteQty': '0.01666817',
  'time': 1624892750396},
 {'id': 152276630,
  'isBestMatch': True,
  'isBuyerMaker': True,
  'price': '0.00846100',
  'qty': '1.96000000',
  'quoteQty': '0.01658356',
  'time': 1624892750396},
 {'id': 152276631,
  'isBestMatch': True,
  'isBuyerMaker': False,
  'price': '0.00846200',
  'qty': '0.42000000',
  'quoteQty': '0.00355404',
  'time': 1624892750443},
 {'id': 152276632,
  'isBestMatch': True,
  'isBuyerMaker': True,
  'price': '0.00846000',
  'qty': '0.04000000',
  'quoteQty': '0.00033840',
  'time': 1624892750630},
 {'id': 152276633,
  'isBestMatch': True,
  'isBuyerMaker': True,
  'price': '0.00846100',
  'qty': '13.91000000',
  'quoteQty': '0.11769251',
  'time': 1624892750803},
 {'id': 152276634,
  'isBestMatch': True,
  'isBuyerMaker': True,
  'price': '0.00846000',
  'qty': '0.03000000',
  'quoteQty': '0.00025380',
  'time': 1624892750803},
 {'id': 152276635,
  'isBestMatch': True,
  'isBuyerMaker': True,
  'price': '0.00846000',
  'qty': '2.57000000',
  'quoteQty': '0.02174220',
  'time': 1624892750803},
 {'id': 152276636,
  'isBestMatch': True,
  'isBuyerMaker': False,
  'price': '0.00846200',
  'qty': '0.59000000',
  'quoteQty': '0.00499258',
  'time': 1624892751016},
 {'id': 152276637,
  'isBestMatch': True,
  'isBuyerMaker': True,
  'price': '0.00846000',
  'qty': '2.54000000',
  'quoteQty': '0.02148840',
  'time': 1624892751037},
 {'id': 152276638,
  'isBestMatch': True,
  'isBuyerMaker': True,
  'price': '0.00846000',
  'qty': '0.07000000',
  'quoteQty': '0.00059220',
  'time': 1624892751297},
 {'id': 152276639,
  'isBestMatch': True,
  'isBuyerMaker': False,
  'price': '0.00846300',
  'qty': '3.21000000',
  'quoteQty': '0.02716623',
  'time': 1624892751498},
 {'id': 152276640,
  'isBestMatch': True,
  'isBuyerMaker': False,
  'price': '0.00846500',
  'qty': '4.10000000',
  'quoteQty': '0.03470650',
  'time': 1624892751872},
 {'id': 152276641,
  'isBestMatch': True,
  'isBuyerMaker': True,
  'price': '0.00846400',
  'qty': '4.99000000',
  'quoteQty': '0.04223536',
  'time': 1624892752568},
 {'id': 152276642,
  'isBestMatch': True,
  'isBuyerMaker': True,
  'price': '0.00846400',
  'qty': '0.42000000',
  'quoteQty': '0.00355488',
  'time': 1624892752569},
 {'id': 152276643,
  'isBestMatch': True,
  'isBuyerMaker': True,
  'price': '0.00846600',
  'qty': '0.41000000',
  'quoteQty': '0.00347106',
  'time': 1624892752840},
 {'id': 152276644,
  'isBestMatch': True,
  'isBuyerMaker': True,
  'price': '0.00846500',
  'qty': '0.91000000',
  'quoteQty': '0.00770315',
  'time': 1624892752861},
 {'id': 152276645,
  'isBestMatch': True,
  'isBuyerMaker': False,
  'price': '0.00846600',
  'qty': '5.70000000',
  'quoteQty': '0.04825620',
  'time': 1624892753314},
 {'id': 152276646,
  'isBestMatch': True,
  'isBuyerMaker': True,
  'price': '0.00846400',
  'qty': '0.02000000',
  'quoteQty': '0.00016928',
  'time': 1624892753323},
 {'id': 152276647,
  'isBestMatch': True,
  'isBuyerMaker': True,
  'price': '0.00846200',
  'qty': '0.25000000',
  'quoteQty': '0.00211550',
  'time': 1624892754071},
 {'id': 152276648,
  'isBestMatch': True,
  'isBuyerMaker': False,
  'price': '0.00846500',
  'qty': '0.19000000',
  'quoteQty': '0.00160835',
  'time': 1624892755651},
 {'id': 152276649,
  'isBestMatch': True,
  'isBuyerMaker': True,
  'price': '0.00846300',
  'qty': '0.02000000',
  'quoteQty': '0.00016926',
  'time': 1624892756215},
 {'id': 152276650,
  'isBestMatch': True,
  'isBuyerMaker': True,
  'price': '0.00846200',
  'qty': '5.25000000',
  'quoteQty': '0.04442550',
  'time': 1624892756360},
 {'id': 152276651,
  'isBestMatch': True,
  'isBuyerMaker': True,
  'price': '0.00846200',
  'qty': '51.39000000',
  'quoteQty': '0.43486218',
  'time': 1624892756360},
 {'id': 152276652,
  'isBestMatch': True,
  'isBuyerMaker': False,
  'price': '0.00846200',
  'qty': '7.18000000',
  'quoteQty': '0.06075716',
  'time': 1624892756370},
 {'id': 152276653,
  'isBestMatch': True,
  'isBuyerMaker': False,
  'price': '0.00846200',
  'qty': '11.58000000',
  'quoteQty': '0.09798996',
  'time': 1624892756432},
 {'id': 152276654,
  'isBestMatch': True,
  'isBuyerMaker': False,
  'price': '0.00846200',
  'qty': '8.87000000',
  'quoteQty': '0.07505794',
  'time': 1624892756433},
 {'id': 152276655,
  'isBestMatch': True,
  'isBuyerMaker': False,
  'price': '0.00846200',
  'qty': '2.92000000',
  'quoteQty': '0.02470904',
  'time': 1624892756439},
 {'id': 152276656,
  'isBestMatch': True,
  'isBuyerMaker': False,
  'price': '0.00846500',
  'qty': '0.01000000',
  'quoteQty': '0.00008465',
  'time': 1624892756506},
 {'id': 152276657,
  'isBestMatch': True,
  'isBuyerMaker': False,
  'price': '0.00846700',
  'qty': '0.06000000',
  'quoteQty': '0.00050802',
  'time': 1624892756506},
 {'id': 152276658,
  'isBestMatch': True,
  'isBuyerMaker': True,
  'price': '0.00846300',
  'qty': '1.10000000',
  'quoteQty': '0.00930930',
  'time': 1624892757771},
 {'id': 152276659,
  'isBestMatch': True,
  'isBuyerMaker': False,
  'price': '0.00846700',
  'qty': '0.15000000',
  'quoteQty': '0.00127005',
  'time': 1624892757832},
 {'id': 152276660,
  'isBestMatch': True,
  'isBuyerMaker': False,
  'price': '0.00846600',
  'qty': '0.11000000',
  'quoteQty': '0.00093126',
  'time': 1624892769708},
 {'id': 152276661,
  'isBestMatch': True,
  'isBuyerMaker': False,
  'price': '0.00846600',
  'qty': '0.05000000',
  'quoteQty': '0.00042330',
  'time': 1624892770875},
 {'id': 152276662,
  'isBestMatch': True,
  'isBuyerMaker': False,
  'price': '0.00846600',
  'qty': '5.40000000',
  'quoteQty': '0.04571640',
  'time': 1624892772461},
 {'id': 152276663,
  'isBestMatch': True,
  'isBuyerMaker': False,
  'price': '0.00846600',
  'qty': '0.14000000',
  'quoteQty': '0.00118524',
  'time': 1624892773037},
 {'id': 152276664,
  'isBestMatch': True,
  'isBuyerMaker': False,
  'price': '0.00846700',
  'qty': '0.02000000',
  'quoteQty': '0.00016934',
  'time': 1624892773037},
 {'id': 152276665,
  'isBestMatch': True,
  'isBuyerMaker': False,
  'price': '0.00846800',
  'qty': '0.24000000',
  'quoteQty': '0.00203232',
  'time': 1624892773037},
 {'id': 152276666,
  'isBestMatch': True,
  'isBuyerMaker': False,
  'price': '0.00846800',
  'qty': '0.24000000',
  'quoteQty': '0.00203232',
  'time': 1624892773037},
 {'id': 152276667,
  'isBestMatch': True,
  'isBuyerMaker': False,
  'price': '0.00846800',
  'qty': '0.24000000',
  'quoteQty': '0.00203232',
  'time': 1624892773037},
 {'id': 152276668,
  'isBestMatch': True,
  'isBuyerMaker': False,
  'price': '0.00846800',
  'qty': '5.70000000',
  'quoteQty': '0.04826760',
  'time': 1624892773037},
 {'id': 152276669,
  'isBestMatch': True,
  'isBuyerMaker': False,
  'price': '0.00846900',
  'qty': '0.04000000',
  'quoteQty': '0.00033876',
  'time': 1624892773037},
 {'id': 152276670,
  'isBestMatch': True,
  'isBuyerMaker': False,
  'price': '0.00846900',
  'qty': '0.04000000',
  'quoteQty': '0.00033876',
  'time': 1624892773037},
 {'id': 152276671,
  'isBestMatch': True,
  'isBuyerMaker': False,
  'price': '0.00846900',
  'qty': '0.04000000',
  'quoteQty': '0.00033876',
  'time': 1624892773037},
 {'id': 152276672,
  'isBestMatch': True,
  'isBuyerMaker': False,
  'price': '0.00846900',
  'qty': '0.04000000',
  'quoteQty': '0.00033876',
  'time': 1624892773037},
 {'id': 152276673,
  'isBestMatch': True,
  'isBuyerMaker': False,
  'price': '0.00847000',
  'qty': '0.09000000',
  'quoteQty': '0.00076230',
  'time': 1624892773037},
 {'id': 152276674,
  'isBestMatch': True,
  'isBuyerMaker': False,
  'price': '0.00846600',
  'qty': '5.21000000',
  'quoteQty': '0.04410786',
  'time': 1624892773100},
 {'id': 152276675,
  'isBestMatch': True,
  'isBuyerMaker': False,
  'price': '0.00846600',
  'qty': '0.48000000',
  'quoteQty': '0.00406368',
  'time': 1624892773180},
 {'id': 152276676,
  'isBestMatch': True,
  'isBuyerMaker': False,
  'price': '0.00846800',
  'qty': '3.26000000',
  'quoteQty': '0.02760568',
  'time': 1624892773435},
 {'id': 152276677,
  'isBestMatch': True,
  'isBuyerMaker': True,
  'price': '0.00846400',
  'qty': '0.20000000',
  'quoteQty': '0.00169280',
  'time': 1624892775010},
 {'id': 152276678,
  'isBestMatch': True,
  'isBuyerMaker': True,
  'price': '0.00846400',
  'qty': '0.56000000',
  'quoteQty': '0.00473984',
  'time': 1624892775010},
 {'id': 152276679,
  'isBestMatch': True,
  'isBuyerMaker': False,
  'price': '0.00846600',
  'qty': '5.70000000',
  'quoteQty': '0.04825620',
  'time': 1624892775224},
 {'id': 152276680,
  'isBestMatch': True,
  'isBuyerMaker': False,
  'price': '0.00846800',
  'qty': '5.70000000',
  'quoteQty': '0.04826760',
  'time': 1624892775272},
 {'id': 152276681,
  'isBestMatch': True,
  'isBuyerMaker': False,
  'price': '0.00846800',
  'qty': '6.00000000',
  'quoteQty': '0.05080800',
  'time': 1624892775272},
 {'id': 152276682,
  'isBestMatch': True,
  'isBuyerMaker': True,
  'price': '0.00846500',
  'qty': '0.96000000',
  'quoteQty': '0.00812640',
  'time': 1624892775277},
 {'id': 152276683,
  'isBestMatch': True,
  'isBuyerMaker': False,
  'price': '0.00846800',
  'qty': '6.00000000',
  'quoteQty': '0.05080800',
  'time': 1624892775325},
 {'id': 152276684,
  'isBestMatch': True,
  'isBuyerMaker': False,
  'price': '0.00846800',
  'qty': '5.70000000',
  'quoteQty': '0.04826760',
  'time': 1624892775325},
 {'id': 152276685,
  'isBestMatch': True,
  'isBuyerMaker': False,
  'price': '0.00846800',
  'qty': '6.00000000',
  'quoteQty': '0.05080800',
  'time': 1624892775375}]
